,First Name,Gender,Start Date,Last Login Time,Salary,Bonus %,Senior Management,Team,total_revenue
0,Douglas,Male,8/6/1993,12:42 PM,97308,6.945,True,Marketing,9731494.5
1,Thomas,Male,3/31/1996,6:53 AM,61933,4.17,True,,6193717.0
2,Maria,Female,4/23/1993,11:17 AM,130590,11.857999999999999,False,Finance,13060185.799999999
3,Jerry,Male,3/4/2005,1:00 PM,138705,9.34,True,Finance,13871434.0
4,Larry,Male,1/24/1998,4:47 PM,101004,1.389,True,Client Services,10100538.9
5,Dennis,Male,4/18/1987,1:35 AM,115163,10.125,False,Legal,11517312.5
6,Ruby,Female,8/17/1987,4:20 PM,65476,10.012,True,Product,6548601.2
7,,Female,7/20/2015,10:43 AM,45906,11.597999999999999,,Finance,4591759.8
8,Angela,Female,11/22/2005,6:29 AM,95570,18.523,True,Engineering,9558852.3
9,Frances,Female,8/8/2002,6:51 AM,139852,7.524,True,Business Development,13985952.4
10,Louise,Female,8/12/1980,9:01 AM,63241,15.132,True,,6325613.2
11,Julie,Female,10/26/1997,3:19 PM,102508,12.637,True,Legal,10252063.700000001
12,Brandon,Male,12/1/1980,1:08 AM,112807,17.492,True,Human Resources,11282449.2
13,Gary,Male,1/27/2008,11:40 PM,109831,5.831,False,Sales,10983683.100000001
14,Kimberly,Female,1/14/1999,7:13 AM,41426,14.543,True,Finance,4144054.3
15,Lillian,Female,6/5/2016,6:09 AM,59414,1.256,False,Product,5941525.600000001
16,Jeremy,Male,9/21/2010,5:56 AM,90370,7.369,False,Human Resources,9037736.9
17,Shawn,Male,12/7/1986,7:45 PM,111737,6.414,False,Product,11174341.4
18,Diana,Female,10/23/1981,10:27 AM,132940,19.082,False,Client Services,13295908.2
19,Donna,Female,7/22/2010,3:48 AM,81014,1.8940000000000001,False,Product,8101589.4
20,Lois,,4/22/1995,7:18 PM,64714,4.934,True,Legal,6471893.4
21,Matthew,Male,9/5/1995,2:12 AM,100612,13.645,False,Marketing,10062564.5
22,Joshua,,3/8/2012,1:58 AM,90816,18.816,True,Client Services,9083481.600000001
23,,Male,6/14/2012,4:19 PM,125792,5.042,,,12579704.2
24,John,Male,7/1/1992,10:08 PM,97950,13.873,False,Client Services,9796387.3
25,,Male,10/8/2012,1:12 AM,37076,18.576,,Client Services,3709457.6
26,Craig,Male,2/27/2000,7:45 AM,37598,7.757000000000001,True,Marketing,3760575.6999999997
27,Scott,,7/11/1991,6:58 PM,122367,5.218,False,Legal,12237221.799999999
28,Terry,Male,11/27/1981,6:30 PM,124008,13.464,True,Client Services,12402146.4
29,Benjamin,Male,1/26/2005,10:06 PM,79529,7.007999999999999,True,Legal,7953600.8
30,Christina,Female,8/6/2002,1:19 PM,118780,9.096,True,Engineering,11878909.6
31,Joyce,,2/20/2005,2:40 PM,88657,12.752,False,Product,8866975.2
32,,Male,8/21/1998,2:27 PM,122340,6.417000000000001,,,12234641.7
33,Jean,Female,12/18/1993,9:07 AM,119082,16.18,False,Business Development,11909818.0
34,Jerry,Male,1/10/2004,12:56 PM,95734,19.096,False,Client Services,9575309.6
35,Theresa,Female,10/10/2006,1:12 AM,85182,16.675,False,Sales,8519867.5
36,Rachel,Female,2/16/2009,8:47 PM,142032,12.599,False,Business Development,14204459.899999999
37,Linda,Female,10/19/1981,8:49 PM,57427,9.557,True,Client Services,5743655.7
38,Stephanie,Female,9/13/1986,1:52 AM,36844,5.574,True,Business Development,3684957.4
39,,Male,1/29/2016,2:33 AM,122173,7.797000000000001,,Client Services,12218079.700000001
40,Michael,Male,10/10/2008,11:25 AM,99283,2.665,True,Distribution,9928566.5
41,Christine,,6/28/2015,1:08 AM,66582,11.308,True,Business Development,6659330.800000001
42,Beverly,Female,9/9/1998,8:26 PM,121918,15.835,False,Legal,12193383.5
43,Marilyn,Female,12/7/1980,3:16 AM,73524,5.207000000000001,True,Marketing,7352920.699999999
44,Cynthia,Female,11/16/1988,6:54 PM,145146,7.482,True,Product,14515348.2
45,Roger,Male,4/17/1980,11:32 AM,88010,13.886,True,Sales,8802388.6
46,Bruce,Male,11/28/2009,10:47 PM,114796,6.796,False,Finance,11480279.6
47,Kathy,Female,6/22/2005,4:51 AM,66820,9.0,True,Client Services,6682900.0
48,Clarence,Male,3/26/1996,5:57 AM,93581,6.082999999999999,True,Business Development,9358708.3
49,Chris,,1/24/1980,12:13 PM,113590,3.055,False,Sales,11359305.5
50,Nancy,Female,9/23/2000,8:05 AM,94976,13.83,True,Engineering,9498983.0
51,,,12/17/2011,8:29 AM,41126,14.009,,Sales,4114000.9
52,Todd,Male,2/18/1990,2:41 AM,49339,1.695,True,Human Resources,4934069.5
53,Alan,,3/3/2014,1:28 PM,40341,17.578,True,Finance,4035857.8000000003
54,Sara,Female,8/15/2007,9:23 AM,83677,8.999,False,Engineering,8368599.899999999
55,Karen,Female,11/30/1999,7:46 AM,102488,17.653,True,Product,10250565.3
56,Carl,Male,5/3/2006,5:55 PM,130276,16.084,True,Finance,13029208.4
57,Henry,Male,6/26/1996,1:44 AM,64715,15.107000000000001,True,Human Resources,6473010.7
58,Theresa,Female,4/11/2010,7:18 AM,72670,1.4809999999999999,True,Engineering,7267148.1
59,Irene,Female,5/7/1997,9:32 AM,66851,11.279000000000002,False,Engineering,6686227.899999999
60,Paula,,11/23/2005,2:01 PM,48866,4.271,False,Distribution,4887027.1
61,Denise,Female,11/6/2001,12:03 PM,106862,3.699,False,Business Development,10686569.899999999
62,,Female,6/12/2007,5:25 PM,58112,19.414,,Marketing,5813141.399999999
63,Matthew,Male,1/2/2013,10:33 PM,35203,18.04,False,Human Resources,3522104.0
64,Kathleen,,4/11/1990,6:46 PM,77834,18.771,False,Business Development,7785277.1
65,Steve,Male,11/11/2009,11:44 PM,61310,12.427999999999999,True,Distribution,6132242.8
66,Nancy,Female,12/15/2012,11:57 PM,125250,2.6719999999999997,True,Business Development,12525267.200000001
67,Rachel,Female,8/16/1999,6:53 AM,51178,9.735,True,Finance,5118773.5
68,Jose,Male,10/30/2004,1:39 PM,84834,14.33,True,Finance,8484833.0
69,Irene,,7/14/2015,4:31 PM,100863,4.382,True,Finance,10086738.2
70,Todd,,6/10/2003,2:26 PM,84692,6.617000000000001,False,Client Services,8469861.7
71,Johnny,Male,11/6/2009,4:23 PM,118172,16.194000000000003,True,Sales,11818819.4
72,Bobby,Male,5/7/2007,10:01 AM,54043,3.833,False,Product,5404683.3
73,Frances,Female,4/4/1999,4:19 PM,90582,4.709,True,Sales,9058670.9
74,Thomas,Male,6/4/1995,2:24 PM,62096,17.029,False,Marketing,6211302.9
75,Bonnie,Female,7/2/1991,1:27 AM,104897,5.118,True,Human Resources,10490211.8
76,Margaret,Female,9/10/1988,12:42 PM,131604,7.353,True,Distribution,13161135.3
77,Charles,Male,9/14/2004,8:13 PM,107391,1.26,True,Marketing,10739226.0
78,Robin,Female,6/4/1983,3:15 PM,114797,5.965,True,Sales,11480296.5
79,Bonnie,Female,11/13/1988,3:30 PM,115814,4.99,False,Product,11581899.0
80,Gerald,,3/17/1995,12:50 AM,137126,15.602,True,Sales,13714160.200000001
81,Christopher,Male,3/30/2008,10:52 AM,47369,14.822000000000001,False,Legal,4738382.2
82,Steven,Male,3/30/1980,9:20 PM,35095,8.379,True,Client Services,3510337.9
83,Shawn,Male,9/23/2005,2:55 AM,148115,6.539,True,Finance,14812153.899999999
84,Doris,Female,8/20/2004,5:51 AM,83072,7.511,False,Finance,8307951.1
85,Jeremy,Male,2/1/2008,8:50 AM,100238,3.887,True,Client Services,10024188.700000001
86,Annie,,9/29/2007,12:11 AM,103495,17.29,True,Business Development,10351229.0
87,Annie,Female,1/30/1993,2:05 AM,144887,8.276,True,Sales,14489527.600000001
88,Donna,Female,11/27/1991,1:59 PM,64088,6.155,True,Legal,6409415.5
89,Janice,Female,3/12/2016,12:40 AM,51082,11.955,False,Legal,5109395.5
90,Janice,,8/21/1997,5:12 AM,91719,11.583,True,Legal,9173058.3
91,James,,1/26/2005,11:00 PM,128771,8.309,False,,12877930.899999999
92,Linda,Female,5/25/2000,5:45 PM,119009,12.505999999999998,True,Business Development,11902150.6
93,Virginia,,5/7/1994,5:58 PM,111858,1.601,True,Legal,11185960.1
94,Harry,Male,8/26/1981,3:16 PM,130620,7.03,False,Legal,13062703.0
95,Heather,Female,7/11/1998,2:17 PM,43026,14.165999999999999,False,Client Services,4304016.6
96,Cynthia,Female,3/21/1994,8:34 AM,142321,1.7369999999999999,False,Finance,14232273.7
97,Laura,,7/19/2014,9:23 PM,140371,10.62,True,Marketing,14038162.0
98,Tina,Female,6/16/2016,7:47 PM,100705,16.961,True,Marketing,10072196.1
99,Harold,Male,1/2/1985,9:40 PM,77544,12.447000000000001,False,Business Development,7755644.7
100,Melissa,Female,6/21/2005,6:33 AM,48109,14.995,False,Finance,4812399.5
101,Aaron,Male,2/17/2012,10:20 AM,61602,11.849,True,Marketing,6161384.9
102,Jack,Male,1/12/1997,5:51 AM,103902,12.159,False,Client Services,10391415.9
103,Phyllis,Female,10/11/1996,9:30 PM,136984,8.932,True,Finance,13699293.2
104,John,Male,12/23/1989,7:01 AM,80740,19.305,False,Marketing,8075930.499999999
105,Kathy,Female,3/9/1996,4:33 AM,91712,8.567,False,Finance,9172056.7
106,Paul,Male,8/4/1993,7:25 PM,42146,3.0460000000000003,False,Legal,4214904.600000001
107,Steven,Male,4/23/2013,10:12 PM,68680,16.565,False,Legal,6869656.5
108,Russell,,5/5/1988,7:57 AM,133980,12.395999999999999,True,Legal,13399239.600000001
109,Christopher,Male,4/22/2000,10:15 AM,37919,11.449000000000002,False,,3793044.9
110,Shirley,Female,6/20/2001,10:39 PM,147113,16.135,False,Legal,14712913.5
111,Bonnie,Female,12/17/1999,3:12 PM,42153,8.454,True,Business Development,4216145.399999999
112,Willie,Male,11/27/2003,6:21 AM,64363,4.023,False,Marketing,6436702.3
113,Tina,Female,6/12/2009,7:16 AM,114767,3.7110000000000003,True,Engineering,11477071.1
114,Ashley,Female,8/4/2002,11:00 AM,58698,6.811,True,Business Development,5870481.100000001
115,Pamela,Female,7/1/1982,6:51 AM,54585,4.166,False,Product,5458916.6
116,,Male,6/22/1991,8:58 PM,76189,18.988,,Legal,7620798.8
117,Steven,Male,3/1/1995,3:03 PM,109095,9.494,False,Finance,10910449.4
118,Andrea,Female,1/12/2012,5:43 AM,120204,9.557,False,Business Development,12021355.7
119,Paul,Male,6/3/2008,3:05 PM,41054,12.299000000000001,False,Marketing,4106629.9
120,Peter,Male,11/17/1994,6:15 PM,84885,15.402000000000001,False,Business Development,8490040.2
121,Kathleen,,5/9/2016,8:55 AM,119735,18.74,False,Product,11975374.0
122,Christina,Female,4/13/2012,2:04 PM,110169,13.892000000000001,True,Engineering,11018289.200000001
123,Helen,Female,11/29/2001,2:30 AM,73789,14.841,True,Product,7380384.1
124,Marilyn,Female,11/16/1983,8:29 AM,76078,2.401,True,Product,7608040.1
125,Patricia,Female,9/1/2003,6:46 AM,49368,14.225999999999999,False,Human Resources,4938222.600000001
126,Michelle,Female,3/30/1984,6:43 PM,57325,17.179000000000002,True,Human Resources,5734217.899999999
127,William,Male,9/29/2002,4:09 PM,66521,5.83,False,Human Resources,6652683.0
128,Kenneth,Male,8/25/1987,9:16 PM,127654,16.439,True,Client Services,12767043.9
129,Antonio,Male,10/25/1988,1:50 PM,60866,13.100999999999999,True,Business Development,6087910.100000001
130,Shirley,Female,5/1/1984,1:15 PM,41334,6.218999999999999,True,Human Resources,4134021.9
131,Rebecca,Female,7/10/1992,12:23 AM,94231,17.517,False,Product,9424851.700000001
132,Carlos,Male,1/4/1995,7:02 AM,146670,10.763,False,Human Resources,14668076.3
133,Lois,Female,12/25/1987,4:16 PM,106317,2.235,True,Client Services,10631923.5
134,Carolyn,Female,4/9/2011,5:38 AM,109260,2.65,True,Business Development,10926265.0
135,Gloria,Female,6/29/2007,5:34 AM,134148,8.833,True,Legal,13415683.3
136,Henry,Male,4/24/1995,4:18 AM,43542,19.687,False,Legal,4356168.7
137,Adam,Male,5/21/2011,1:45 AM,95327,15.12,False,Distribution,9534212.0
138,Ashley,Female,5/25/2006,11:30 AM,112238,6.03,True,Engineering,11224403.0
139,,Female,10/3/1990,1:08 AM,132373,10.527000000000001,,,13238352.7
140,Shirley,Female,2/28/1981,1:23 PM,113850,1.854,False,Marketing,11385185.4
141,Adam,Male,12/24/1990,8:57 PM,110194,14.727,True,Product,11020872.7
142,Elizabeth,Female,10/9/2003,5:53 PM,146129,5.687,False,Finance,14613468.700000001
143,Teresa,,1/28/2016,10:55 AM,140013,8.689,True,Engineering,14002168.900000002
144,Nicole,,3/5/1982,2:28 PM,122717,12.452,False,Sales,12272945.200000001
145,Jennifer,Female,4/4/2009,10:47 PM,71715,13.079,True,Client Services,7172807.899999999
146,Patricia,Female,11/25/1992,2:24 AM,95322,4.15,False,Product,9532615.0
147,Philip,Male,7/17/2008,1:30 PM,89227,3.9960000000000004,False,Legal,8923099.6
148,Patrick,,7/14/1991,2:24 AM,124488,14.837,True,Sales,12450283.7
149,,Female,8/17/2014,2:00 PM,86230,8.578,,Distribution,8623857.799999999
150,Sean,Male,5/4/1996,8:59 PM,135490,19.934,False,Marketing,13550993.4
151,Brandon,,11/3/1997,8:17 PM,121333,15.295,False,Business Development,12134829.5
152,Ruth,Female,8/19/1999,4:03 AM,129297,8.067,True,Client Services,12930506.7
153,Victor,,3/10/2011,8:40 PM,84546,10.489,True,Finance,8455648.9
154,Rebecca,Female,11/15/1980,4:13 AM,85730,5.359,True,Product,8573535.9
155,Marie,Female,3/16/2003,12:12 AM,104058,17.695,True,Business Development,10407569.5
156,Howard,Male,4/27/1992,1:10 AM,105062,1.5630000000000002,False,Human Resources,10506356.299999999
157,,Female,7/27/2005,8:32 AM,79536,14.443,,Product,7955044.3
158,Norma,Female,2/28/1999,8:45 PM,114412,8.756,True,Marketing,11442075.6
159,James,,11/22/1983,10:52 PM,68501,14.315999999999999,False,Marketing,6851531.600000001
160,Kathy,Female,3/18/2000,7:26 PM,149563,16.991,True,Finance,14957999.100000001
161,Marilyn,,8/22/1999,9:09 AM,103386,11.450999999999999,False,Distribution,10339745.1
162,Arthur,Male,4/13/1998,11:28 AM,89786,14.422,True,Legal,8980042.200000001
163,Terry,Male,9/3/1990,9:15 PM,52226,19.135,False,Client Services,5224513.5
164,Mary,Female,8/13/1999,1:03 AM,134645,18.197,False,Business Development,13466319.7
165,,Female,3/23/2014,1:28 PM,59148,9.061,,Legal,5915706.100000001
166,,Female,7/9/1991,6:52 PM,42341,7.013999999999999,,Sales,4234801.4
167,Christopher,Male,12/24/2011,12:22 PM,142178,17.984,True,Sales,14219598.4
168,Peter,,9/3/1987,5:59 PM,38989,7.017,True,Marketing,3899601.7
169,Michelle,Female,11/4/1996,9:34 PM,53754,5.455,True,Product,5375945.5
170,Irene,Female,1/29/1992,11:36 AM,133772,19.02,True,Sales,13379101.999999998
171,Patrick,Male,8/17/2007,3:16 AM,143499,17.495,True,Engineering,14351649.5
172,Sara,Female,9/23/1991,6:17 PM,97058,9.402000000000001,False,Finance,9706740.2
173,Lillian,Female,12/21/2008,6:51 PM,85446,3.9589999999999996,True,Engineering,8544995.9
174,,,9/18/2007,6:59 PM,40297,6.185,,Client Services,4030318.5
175,Willie,Male,2/17/1998,8:20 PM,146651,1.4509999999999998,True,Engineering,14665245.1
176,Victor,Male,1/8/2003,1:02 PM,124486,10.166,False,Product,12449616.6
177,Wayne,Male,4/7/2012,8:00 AM,102652,14.085,True,Distribution,10266608.5
178,Jane,Female,9/3/1997,2:01 AM,144474,17.648,False,Product,14449164.799999999
179,Jessica,Female,10/23/1995,5:53 AM,68759,19.343,True,Finance,6877834.299999999
180,Mark,Male,4/12/2008,5:40 PM,57286,5.025,True,Business Development,5729102.5
181,Randy,Male,11/14/1999,12:12 PM,58129,1.952,True,Distribution,5813095.2
182,Lillian,Female,6/19/1999,4:44 PM,123940,12.184000000000001,True,Business Development,12395218.399999999
183,Ruth,,5/18/1999,5:56 AM,98233,2.5180000000000002,True,Distribution,9823551.799999999
184,Jerry,Male,12/18/2003,6:46 AM,140810,9.177,True,Client Services,14081917.7
185,Sandra,Female,1/19/1983,7:25 AM,42090,8.842,True,Legal,4209884.199999999
186,,Female,2/23/2005,9:50 PM,149654,1.825,,Sales,14965582.500000002
187,Roger,Male,11/19/2004,3:55 PM,51430,6.46,False,Marketing,5143646.0
188,Charles,Male,10/14/2000,9:40 PM,71749,15.931,False,Legal,7176493.1
189,Clarence,Male,5/2/1998,3:16 AM,85700,1.215,False,Sales,8570121.5
190,Carol,Female,3/19/1996,3:39 AM,57783,9.129,False,Finance,5779212.9
191,Lois,Female,10/18/2013,4:51 PM,36946,6.652,False,Engineering,3695265.2
192,Barbara,,5/3/2003,7:32 PM,99326,16.475,True,Legal,9934247.5
193,Rebecca,Female,2/18/1995,6:50 AM,109259,4.4430000000000005,True,Legal,10926344.3
194,Irene,Female,1/30/2004,8:25 PM,131038,8.996,False,Distribution,13104699.6
195,Ronald,Male,4/30/2014,2:19 PM,121068,12.757,True,Product,12108075.7
196,Steven,Male,11/10/1985,10:53 AM,62719,19.127,False,Client Services,6273812.7
197,Carolyn,Female,11/6/2012,3:51 AM,69268,3.031,False,Client Services,6927103.100000001
198,Maria,Female,12/27/1990,9:57 PM,36067,9.64,True,Product,3607664.0
199,Jonathan,Male,7/17/2009,8:15 AM,130581,16.736,True,,13059773.6
200,Gary,Male,8/12/1987,12:04 AM,89661,8.525,False,Finance,8966952.5
201,Kimberly,Female,7/15/1997,5:57 AM,36643,7.952999999999999,False,Marketing,3665095.3000000003
202,Roger,Male,11/8/1982,2:32 AM,140558,5.084,True,Sales,14056308.4
203,Diana,Female,1/4/2013,7:53 AM,103521,2.784,True,Business Development,10352378.4
204,Willie,Male,6/6/2006,9:45 AM,55281,4.935,True,Marketing,5528593.5
205,Brandon,Male,3/27/2006,5:54 PM,115711,8.012,True,Finance,11571901.200000001
206,Patricia,Female,12/6/2012,4:01 AM,114079,8.399,True,Client Services,11408739.9
207,Katherine,Female,11/14/1999,8:15 AM,57531,1.767,False,Client Services,5753276.7
208,Jonathan,Male,10/12/1987,2:59 AM,141069,4.9030000000000005,False,Human Resources,14107390.299999999
209,Emily,Female,9/20/2007,11:25 AM,89434,11.295,False,Engineering,8944529.5
210,Ruth,Female,8/12/1986,7:29 PM,44639,9.148,True,Legal,4464814.8
211,Linda,Female,6/24/2006,12:04 PM,110967,19.612000000000002,True,Human Resources,11098661.2
212,Lisa,Female,11/2/2009,9:42 AM,115387,1.821,False,Client Services,11538882.1
213,Evelyn,Female,5/24/1980,11:10 PM,81673,15.364,True,Engineering,8168836.4
214,Julie,Female,7/23/1989,1:52 PM,109588,3.55,False,Engineering,10959155.0
215,Mary,Female,5/30/2009,11:41 PM,92544,3.8,False,Client Services,9254780.0
216,Matthew,Male,7/31/2013,8:04 AM,142373,2.4619999999999997,False,Marketing,14237546.2
217,Douglas,Male,9/3/1999,4:00 PM,83341,1.015,True,Client Services,8334201.5
218,Gregory,,6/15/1992,5:08 AM,98865,10.628,True,Finance,9887562.799999999
219,Billy,Male,3/13/1995,12:05 PM,120444,7.768,True,Finance,12045176.799999999
220,,Female,6/17/1991,12:49 PM,71945,5.56,,Marketing,7195056.0
221,Gregory,Male,1/29/2000,6:01 AM,109564,3.845,False,Legal,10956784.5
222,Jason,Male,10/17/1999,10:09 PM,78417,3.0669999999999997,False,Finance,7842006.699999999
223,Daniel,Male,4/30/2010,3:48 AM,106947,15.866,True,Legal,10696286.6
224,Sarah,Female,9/14/1995,7:50 AM,87298,2.311,False,Distribution,8730031.1
225,Harry,Male,10/1/2015,7:47 PM,64579,15.265999999999998,True,Sales,6459426.600000001
226,Kathy,Female,4/19/1995,12:46 AM,50905,9.404,True,Finance,5091440.4
227,Todd,Male,4/13/1999,10:31 AM,59728,11.225999999999999,True,Client Services,5973922.600000001
228,Bobby,Male,9/23/1994,1:29 AM,51685,17.445,True,Engineering,5170244.5
229,Jeremy,Male,6/8/2000,12:15 AM,49542,1.679,True,Distribution,4954367.899999999
230,George,,2/24/1988,11:29 AM,38375,8.999,False,Legal,3838399.9000000004
231,Diane,Female,4/18/1993,3:22 AM,64084,17.018,False,Product,6410101.8
232,Marilyn,Female,4/4/1997,9:28 PM,147663,10.263,False,Human Resources,14767326.3
233,Kathryn,Female,2/4/2004,1:47 PM,73935,14.752,False,Sales,7394975.199999999
234,Irene,Female,2/4/1982,5:26 PM,40837,12.182,True,Client Services,4084918.2
235,Norma,Female,2/11/2015,11:44 PM,94393,3.6430000000000002,True,Engineering,9439664.299999999
236,Laura,Female,4/2/2006,1:57 PM,42087,2.6239999999999997,False,Product,4208962.4
237,Cheryl,Female,9/23/2008,2:57 AM,52080,9.375,False,Legal,5208937.5
238,Kevin,Male,3/25/1982,7:31 AM,35061,5.127999999999999,False,Legal,3506612.8
239,Lillian,,5/12/2016,3:43 PM,64164,17.612000000000002,False,Human Resources,6418161.2
240,Phyllis,,4/21/1984,7:05 PM,94088,19.107,False,Distribution,9410710.700000001
241,Walter,Male,7/6/1983,11:54 PM,127813,5.961,False,Finance,12781896.1
242,Robert,Male,10/27/1990,7:15 PM,38041,18.428,True,Engineering,3805942.8
243,Jimmy,Male,10/7/1986,5:53 PM,126310,5.412999999999999,True,Product,12631541.3
244,Clarence,Male,10/8/1996,12:53 PM,142561,8.866,False,Client Services,14256986.600000001
245,Victor,Male,4/11/1991,7:44 AM,70817,17.137999999999998,False,Engineering,7083413.800000001
246,Fred,,12/2/1984,2:03 PM,59937,12.045,True,Human Resources,5994904.5
247,Brenda,,7/27/2010,11:07 PM,106115,3.742,True,Product,10611874.2
248,Justin,Male,12/6/1992,5:58 PM,82782,4.3660000000000005,True,Distribution,8278636.6
249,Betty,Female,6/12/2002,3:59 AM,104896,19.55,True,Business Development,10491555.0
250,Randy,,2/6/1986,3:04 PM,133943,8.94,True,Sales,13395194.0
251,Sharon,,3/1/1990,3:46 AM,83658,6.513,False,Business Development,8366451.300000001
252,Ralph,Male,11/11/2004,1:35 AM,71896,4.232,True,Marketing,7190023.2
253,,,4/28/2003,3:01 AM,113732,10.390999999999998,,Sales,11374239.1
254,Edward,Male,5/27/1985,10:13 PM,110485,7.995,False,Client Services,11049299.5
255,Denise,Female,3/20/2009,7:57 AM,115118,5.1080000000000005,False,Human Resources,11512310.799999999
256,Debra,Female,3/13/1998,11:16 PM,48696,4.75,False,Legal,4870075.0
257,,Male,11/25/1999,6:16 AM,42676,15.517000000000001,,Sales,4269151.7
258,Michael,Male,1/24/2002,3:04 AM,43586,12.659,False,,4359865.9
259,Henry,Male,2/6/1995,8:34 AM,89258,15.585,True,Human Resources,8927358.5
260,Gloria,Female,3/27/2007,1:44 AM,90730,2.491,False,Distribution,9073249.1
261,Marie,Female,8/6/1995,1:58 PM,100308,13.677,False,Product,10032167.7
262,Anne,Female,7/16/1986,2:08 PM,69134,3.7230000000000003,True,Engineering,6913772.3
263,Sarah,,11/21/1985,1:08 PM,58295,14.603,True,Engineering,5830960.300000001
264,Stephanie,Female,3/24/1983,11:15 AM,50141,13.218,True,Human Resources,5015421.8
265,Roy,Male,9/23/2004,1:31 PM,101941,3.45,False,Client Services,10194445.0
266,,Female,8/5/2009,8:14 AM,115145,14.062999999999999,,Distribution,11515906.299999999
267,,Male,2/4/2005,1:01 PM,40451,16.044,,Distribution,4046704.4000000004
268,Irene,Female,3/3/1982,8:26 AM,56526,5.81,True,Finance,5653181.0
269,,Female,8/2/1992,8:35 PM,145316,18.517,,Human Resources,14533451.7
270,Thomas,Male,4/6/2011,1:04 PM,103235,9.554,True,Human Resources,10324455.4
271,Frank,,11/20/2001,10:18 AM,58563,12.062000000000001,True,Marketing,5857506.2
272,Fred,Male,2/20/1980,2:25 AM,74129,18.225,False,Product,7414722.500000001
273,Nicholas,Male,4/12/1994,8:21 PM,74669,1.113,True,Product,7467011.3
274,Howard,Male,10/5/1982,7:22 AM,97490,5.46,True,Marketing,9749546.0
275,Debra,Female,2/22/1994,10:25 PM,104250,18.456,True,Business Development,10426845.600000001
276,Christine,Female,7/3/1989,4:01 AM,94345,11.995999999999999,False,Finance,9435699.6
277,Brenda,,5/29/1991,6:32 AM,82439,19.062,False,Sales,8245806.2
278,Betty,Female,6/28/2005,6:03 PM,51613,12.984000000000002,False,Distribution,5162598.399999999
279,Ruby,Female,11/8/2000,7:35 PM,105946,1.139,False,Business Development,10594713.9
280,Kevin,Male,7/12/1997,2:07 AM,46080,9.635,False,Business Development,4608963.5
281,Arthur,Male,1/1/2014,7:46 PM,134610,6.147,True,Human Resources,13461614.7
282,Carl,,2/7/2014,3:57 AM,125104,12.345,False,Client Services,12511634.5
283,Todd,Male,3/11/2009,3:43 AM,107281,1.6119999999999999,True,Engineering,10728261.2
284,Brenda,Female,10/6/2005,9:33 PM,141521,4.337,False,Client Services,14152533.7
285,Judy,Female,9/16/1997,12:10 AM,65931,2.3040000000000003,False,Human Resources,6593330.4
286,Todd,Male,2/2/1984,10:13 AM,69989,10.985,True,Finance,6999998.5
287,Lois,Female,11/9/2011,7:06 AM,147183,9.999,True,Client Services,14719299.9
288,Walter,,12/21/1999,10:33 PM,66757,18.099,False,Distribution,6677509.9
289,Jessica,Female,9/27/1985,1:35 PM,75145,6.388,True,Legal,7515138.800000001
290,Jeremy,Male,6/14/1988,6:20 PM,129460,13.657,True,,12947365.700000001
291,Tammy,Female,11/11/1984,10:30 AM,132839,17.463,True,Client Services,13285646.299999999
292,Anne,Female,3/7/2000,6:45 AM,44537,18.284000000000002,True,Client Services,4455528.4
293,Jesse,Male,10/25/1999,3:35 PM,118733,9.652999999999999,False,Marketing,11874265.3
294,Virginia,Female,10/20/1999,6:23 AM,46905,19.154,False,Distribution,4692415.4
295,Jesse,Male,3/2/1981,7:26 PM,79582,3.873,False,Legal,7958587.300000001
296,Jeremy,,11/10/1996,1:49 PM,55394,3.18,True,Sales,5539718.0
297,Daniel,Male,9/15/2007,10:16 PM,123811,7.664,True,Human Resources,12381866.4
298,Patrick,,8/30/2004,11:43 AM,137314,4.542,True,Marketing,13731854.2
299,Emily,Female,1/13/1988,6:42 AM,36711,19.028,True,Human Resources,3673002.8
300,Alan,Male,6/26/1988,3:54 AM,111786,3.592,True,Engineering,11178959.200000001
301,James,Male,7/11/2015,8:52 PM,72257,13.023,False,Engineering,7227002.3
302,Adam,Male,7/5/2007,11:59 AM,71276,5.027,True,Human Resources,7128102.7
303,Joan,,7/25/1980,12:22 PM,38712,3.657,False,Client Services,3871565.6999999997
304,Jeremy,Male,8/12/1981,12:05 AM,46930,18.702,True,Finance,4694870.2
305,Margaret,Female,2/6/1993,1:05 PM,125220,3.733,False,Marketing,12522373.299999999
306,Mark,Male,4/1/1984,1:21 PM,121477,17.44,True,Business Development,12149444.0
307,Marilyn,Female,9/26/1981,2:23 AM,86386,2.937,False,Distribution,8638893.700000001
308,Cheryl,Female,9/8/2009,10:16 AM,81308,2.1959999999999997,True,Legal,8131019.6
309,Benjamin,Male,9/11/1984,6:37 AM,84810,15.794,False,Marketing,8482579.399999999
310,Harold,Male,2/20/1990,11:00 PM,66775,2.158,True,Legal,6677715.8
311,Ernest,,1/18/2002,1:51 AM,72145,13.448,True,Finance,7215844.800000001
312,Gerald,Male,4/16/2001,10:09 PM,121604,1.923,True,Sales,12160592.299999999
313,Judy,Female,7/1/1991,2:33 AM,109510,13.457,True,Legal,10952345.7
314,Bobby,Male,3/31/1996,5:40 PM,112117,6.337999999999999,False,,11212333.8
315,Bobby,,9/1/1995,2:09 PM,108127,15.857999999999999,False,Client Services,10814285.799999999
316,Marie,Female,10/3/2013,8:05 PM,123711,10.966,False,Product,12372196.6
317,Kathy,Female,12/18/2013,3:09 PM,132381,8.34,False,Business Development,13238934.0
318,Roy,Male,8/6/2006,7:52 AM,148225,1.841,False,Finance,14822684.099999998
319,Jacqueline,Female,11/25/1981,3:01 PM,145988,18.243,False,Marketing,14600624.299999999
320,,Female,7/8/2008,11:40 PM,62960,14.356,,Sales,6297435.6
321,Julie,Female,3/23/1986,9:26 AM,56926,7.507000000000001,False,Sales,5693350.7
322,Douglas,Male,1/8/2002,6:42 PM,41428,14.372,False,Product,4144237.2
323,Linda,Female,12/16/1990,2:20 AM,115658,3.0410000000000004,True,Sales,11566104.1
324,Ruby,Female,12/10/1988,8:27 PM,76707,6.031000000000001,False,Business Development,7671303.100000001
325,Russell,Male,1/2/2005,1:48 AM,60388,17.885,False,Client Services,6040588.5
326,Jeffrey,Male,6/18/1997,8:01 PM,45150,12.075,True,Product,4516207.5
327,Aaron,Male,1/29/1994,6:48 PM,58755,5.0969999999999995,True,Marketing,5876009.7
328,Samuel,Male,12/19/1991,2:54 AM,76076,5.319,True,Finance,7608131.9
329,,Male,1/27/2010,2:57 AM,87760,14.987,,Engineering,8777498.7
330,Randy,Male,3/16/2014,6:24 PM,135119,7.8870000000000005,False,Client Services,13512688.7
331,Evelyn,Female,9/3/1983,1:58 PM,36759,17.269000000000002,True,Marketing,3677626.9
332,Fred,Male,2/13/1987,2:15 PM,121723,18.645,True,Product,12174164.5
333,Shirley,Female,6/8/1986,2:25 AM,110061,7.494,False,Client Services,11006849.4
334,Todd,Male,5/23/2011,4:14 PM,85074,1.844,False,Client Services,8507584.4
335,Robert,Male,11/18/2014,5:00 AM,85799,19.93,False,Finance,8581893.0
336,Mark,Male,1/22/2007,2:37 PM,75150,12.182,True,Legal,7516218.2
337,Earl,Male,1/5/2000,5:46 PM,91344,4.035,True,Sales,9134803.5
338,Richard,Male,9/27/2005,1:41 AM,86326,10.717,False,Product,8633671.700000001
339,Michael,Male,11/22/1991,12:57 PM,98753,16.442999999999998,True,Human Resources,9876944.3
340,Steven,Male,5/12/2009,2:14 PM,113060,2.846,True,Sales,11306284.6
341,Carlos,Male,9/19/2007,1:01 AM,77327,11.58,True,Finance,7733858.0
342,Marie,Female,10/20/2011,10:09 PM,62666,10.247,False,Product,6267624.7
343,Ronald,Male,2/24/2009,2:09 PM,96633,4.99,True,Engineering,9663799.0
344,Scott,Male,5/12/2009,4:36 AM,58248,3.9139999999999997,False,Business Development,5825191.399999999
345,Steven,Male,11/21/2006,8:30 AM,83706,6.96,True,Human Resources,8371296.000000001
346,James,Male,11/22/1998,3:48 AM,74086,5.778,True,Human Resources,7409177.800000001
347,Lori,Female,3/31/1988,10:59 PM,95389,14.222999999999999,False,Sales,9540322.3
348,Philip,Male,8/2/1989,11:21 AM,129968,19.897000000000002,False,Finance,12998789.7
349,Phyllis,Female,11/24/2005,11:57 PM,140347,8.722999999999999,False,Sales,14035572.3
350,Thomas,,8/31/1995,8:31 PM,41549,3.95,False,Sales,4155294.9999999995
351,Cynthia,Female,12/3/2012,11:03 PM,74287,10.751,False,Sales,7429775.100000001
352,,Male,10/9/2011,9:29 AM,69906,4.843999999999999,,Engineering,6991084.399999999
353,,Male,4/22/1997,9:36 PM,65078,3.095,,Marketing,6508109.5
354,Elizabeth,Female,11/10/2005,4:56 AM,106406,1.7819999999999998,True,Legal,10640778.200000001
355,Andrea,Female,9/14/2003,10:30 PM,115913,12.120999999999999,False,Legal,11592512.1
356,Judy,Female,2/1/1990,3:32 PM,38092,5.667999999999999,False,Distribution,3809766.8
357,Russell,Male,8/13/2014,3:51 PM,121160,7.843,False,Engineering,12116784.299999999
358,Scott,Male,12/17/2011,3:45 AM,90429,4.45,False,Product,9043345.0
359,Sarah,Female,5/22/1994,7:06 AM,64207,7.824,True,Client Services,6421482.4
360,Susan,Female,9/25/2004,1:30 AM,80688,18.892,True,Sales,8070689.200000001
361,Margaret,Female,5/5/2014,6:01 AM,55044,4.078,False,Sales,5504807.8
362,Joshua,Male,11/9/2009,6:32 AM,72893,9.555,False,Distribution,7290255.499999999
363,Justin,,4/15/2005,8:43 PM,96978,13.865,False,Finance,9699186.5
364,Juan,Male,4/16/2002,11:09 PM,97364,3.595,False,Product,9736759.5
365,Gloria,,7/19/1983,1:57 AM,140885,1.113,False,Human Resources,14088611.3
366,Jennifer,,1/24/1989,8:38 PM,58520,16.230999999999998,True,Client Services,5853623.1
367,Edward,Male,8/4/1989,6:06 AM,66067,10.957,True,,6607795.699999999
368,Marilyn,Female,12/17/1982,12:10 PM,147183,8.748,False,Business Development,14719174.799999999
369,Mary,Female,10/18/2009,6:32 PM,87721,12.484000000000002,False,Product,8773348.4
370,Linda,Female,7/15/2009,10:12 PM,144001,2.194,False,Business Development,14400319.399999999
371,Larry,Male,8/27/2003,1:00 PM,91133,5.14,False,Sales,9113814.0
372,Albert,Male,2/1/1997,4:20 PM,67827,19.717,True,Engineering,6784671.7
373,Kenneth,Male,4/13/1999,10:28 PM,81839,12.072000000000001,False,Sales,8185107.2
374,,Female,12/31/2006,11:02 PM,81444,3.1710000000000003,,Distribution,8144717.100000001
375,Gregory,,7/9/2011,11:31 PM,137661,4.805,True,Sales,13766580.5
376,Brandon,Male,10/16/2015,2:44 AM,112548,4.664,False,Engineering,11255266.4
377,Stephen,Male,4/9/1987,12:47 PM,111249,10.574000000000002,True,Human Resources,11125957.399999999
378,Russell,Male,10/30/1994,5:46 AM,114334,9.669,False,Product,11434366.899999999
379,,Female,9/18/2002,12:39 PM,118906,4.537,,Marketing,11891053.7
380,Pamela,,7/15/2001,1:33 PM,72979,5.66,False,Sales,7298466.0
381,Scott,Male,8/3/1996,1:50 AM,64172,10.894,True,Engineering,6418289.4
382,,Female,4/18/1996,3:57 PM,107024,12.182,,,10703618.2
383,Carlos,Male,7/28/2010,3:08 PM,50167,2.362,False,Product,5016936.2
384,Jack,Male,12/24/1980,10:58 PM,106995,15.722999999999999,False,Product,10701072.3
385,Debra,Female,1/19/2010,8:48 AM,70492,8.895,False,Client Services,7050089.5
386,Phyllis,Female,1/15/1995,5:27 AM,125881,16.697,False,Sales,12589769.7
387,Robert,Male,10/29/1994,4:26 AM,123294,19.894000000000002,False,Client Services,12331389.4
388,Gloria,Female,9/19/1989,7:40 PM,131045,11.312000000000001,True,Product,13105631.200000001
389,Sharon,,10/28/1984,5:59 PM,97635,10.413,True,Client Services,9764541.3
390,Barbara,,4/26/2001,12:22 AM,94493,13.443,True,Sales,9450644.3
391,Marilyn,Female,8/15/1989,9:14 AM,140502,9.988999999999999,True,Sales,14051198.9
392,Ralph,Male,10/27/2010,10:28 AM,106310,4.03,True,Client Services,10631403.0
393,Harry,,12/5/1996,5:45 AM,46240,6.976,True,Engineering,4624697.600000001
394,Robin,Female,1/8/1998,2:12 AM,111163,5.025,True,Product,11116802.5
395,Kathy,Female,11/25/2001,9:55 PM,93753,7.093999999999999,True,Sales,9376009.4
396,Rose,Female,7/6/2002,3:57 PM,63494,19.385,True,Human Resources,6351338.5
397,Clarence,Male,1/13/2005,9:00 AM,116693,13.835,True,Distribution,11670683.5
398,Doris,Female,7/29/1992,6:40 PM,85215,7.425,True,Human Resources,8522242.5
399,Kathryn,Female,6/9/1988,9:29 AM,86439,7.7989999999999995,False,Finance,8644679.9
400,Billy,,3/16/2004,8:21 AM,62913,18.241,True,Marketing,6293124.100000001
401,Norma,Female,4/16/1996,5:40 AM,38872,9.302,True,Business Development,3888130.2
402,Richard,,11/28/1992,5:05 PM,124655,14.272,True,Engineering,12466927.2
403,Craig,Male,2/8/1984,4:45 AM,113506,19.642,False,Marketing,11352564.200000001
404,Sarah,,7/20/1990,10:49 PM,109980,8.86,False,Sales,10998886.0
405,Sharon,Female,3/9/2014,4:39 PM,91522,7.564,False,Finance,9152956.4
406,Mary,Female,8/22/2010,8:03 AM,42214,17.538,True,Business Development,4223153.8
407,Steve,,2/23/2002,3:55 AM,83159,9.55,True,Distribution,8316855.0
408,Joe,Male,12/5/2010,4:20 PM,144082,1.62,True,Client Services,14408362.0
409,Jeremy,Male,5/29/1994,6:24 AM,47885,19.276,True,Human Resources,4790427.6
410,Ernest,Male,8/14/2012,11:25 AM,126232,6.191,True,Sales,12623819.100000001
411,Kevin,Male,6/23/1981,8:26 PM,134598,11.699000000000002,False,Business Development,13460969.899999999
412,Jacqueline,Female,2/11/2007,2:01 AM,66604,14.609000000000002,False,Legal,6661860.899999999
413,Johnny,Male,9/14/1992,8:21 AM,115194,5.861000000000001,True,Marketing,11519986.1
414,Gary,Male,8/18/2011,8:12 AM,49101,11.9,True,Business Development,4911290.0
415,Shirley,,11/16/1990,6:01 PM,67811,12.699000000000002,False,Finance,6782369.899999999
416,,Male,6/29/2008,5:23 AM,111043,5.966,,Distribution,11104896.6
417,Sarah,,8/31/1981,2:51 PM,37748,9.047,False,Human Resources,3775704.6999999997
418,Julia,Female,3/2/1982,12:52 PM,36403,2.6639999999999997,True,Finance,3640566.4
419,Dorothy,Female,11/5/2013,10:50 PM,140136,3.12,True,Business Development,14013912.0
420,Justin,Male,5/22/1986,6:30 AM,121508,19.334,True,Finance,12152733.4
421,Kevin,Male,11/20/1986,6:59 PM,79906,18.021,True,Sales,7992402.1
422,Victor,Male,9/24/2005,12:04 PM,123144,16.261,True,Product,12316026.1
423,Deborah,Female,11/25/1980,4:33 AM,46953,17.436,False,Client Services,4697043.600000001
424,Matthew,,6/9/2003,7:35 AM,79443,14.637,False,Human Resources,7945763.7
425,Alice,Female,5/2/1986,1:50 AM,51395,2.378,True,Finance,5139737.8
426,Todd,Male,3/16/2016,2:45 PM,134408,3.56,True,Human Resources,13441156.0
427,Frank,Male,1/10/1981,1:30 PM,71853,8.037,True,Sales,7186103.699999999
428,Christopher,Male,5/13/1999,10:48 AM,68028,7.869,True,Finance,6803586.9
429,Rose,Female,5/28/2015,8:40 AM,149903,5.63,False,Human Resources,14990863.0
430,Andrea,Female,10/1/2010,11:54 AM,79123,19.422,False,Distribution,7914242.2
431,Charles,Male,12/16/1999,8:28 PM,104014,7.077000000000001,False,Legal,10402107.700000001
432,Jessica,,3/7/2015,8:45 PM,121160,12.993,False,Client Services,12117299.3
433,Wanda,Female,7/20/2008,1:44 PM,65362,7.132000000000001,True,Legal,6536913.2
434,Joyce,Female,2/7/1995,7:38 AM,50701,14.227,True,,5071522.7
435,Billy,Male,12/1/2006,3:32 PM,144709,10.068999999999999,True,Distribution,14471906.899999999
436,Kathryn,Female,8/29/2007,6:10 AM,53061,11.864,True,Finance,5307286.4
437,Denise,Female,3/18/2001,12:02 AM,36697,11.196,True,Sales,3670819.6000000006
438,Jason,Male,11/20/1998,2:54 PM,69244,6.22,True,,6925022.0
439,Nicholas,Male,3/1/2013,9:26 PM,101036,2.826,True,Human Resources,10103882.6
440,Aaron,Male,7/22/1990,2:53 PM,52119,11.343,True,Client Services,5213034.3
441,Louise,Female,5/13/2003,9:47 AM,46666,1.886,True,Business Development,4666788.6
442,Julie,Female,4/23/1998,5:52 AM,73437,2.5180000000000002,True,Finance,7343951.8
443,Kathy,Female,5/8/1987,6:19 PM,86318,18.492,True,Sales,8633649.2
444,,Male,5/24/2016,9:17 PM,76409,7.007999999999999,,Distribution,7641600.8
445,Chris,Male,12/12/2006,1:57 AM,71642,1.496,False,,7164349.6
446,Cheryl,Female,8/16/1994,8:33 AM,67150,15.85,True,Marketing,6716585.000000001
447,Gregory,Male,5/15/2009,3:52 PM,142208,11.204,True,Engineering,14221920.4
448,Wayne,Male,1/30/1992,3:01 PM,81183,17.066,False,Client Services,8120006.600000001
449,Beverly,Female,11/30/2005,2:57 AM,107163,3.665,True,Human Resources,10716666.5
450,Willie,Male,8/22/2009,1:03 PM,55038,19.691,False,Legal,5505769.1
451,Terry,,7/15/2016,12:29 AM,140002,19.49,True,Marketing,14002149.0
452,Scott,Male,11/17/2012,2:47 PM,146812,1.965,True,Marketing,14681396.5
453,Annie,Female,12/19/1994,6:19 AM,40119,4.338,True,Human Resources,4012333.8000000003
454,,Male,2/21/1995,12:26 AM,136602,10.429,,Marketing,13661242.9
455,Ruth,Female,10/24/2000,4:13 AM,69579,18.029,True,Human Resources,6959702.899999999
456,Deborah,,2/3/1983,11:38 PM,101457,6.662000000000001,False,Engineering,10146366.2
457,Patricia,Female,1/9/2015,4:16 AM,121232,16.624000000000002,False,Legal,12124862.4
458,Albert,Male,9/30/2007,5:34 PM,102626,15.843,False,Finance,10264184.299999999
459,Charles,,3/1/1987,1:00 PM,137171,5.574,True,Marketing,13717657.399999999
460,Tina,Female,1/17/2005,9:11 AM,88276,14.248,False,Legal,8829024.8
461,Jeremy,Male,8/9/2001,3:56 AM,43354,13.946,False,Marketing,4336794.600000001
462,Craig,Male,4/14/1996,9:17 AM,125556,7.996,False,Engineering,12556399.6
463,Jose,Male,7/11/2002,9:15 AM,59862,3.2689999999999997,False,Product,5986526.9
464,Lawrence,Male,5/13/2005,1:25 AM,74640,18.641,False,Marketing,7465864.100000001
465,Helen,Female,10/31/1997,2:43 AM,52875,4.188,False,Legal,5287918.8
466,Walter,Male,8/4/2007,1:59 PM,58789,5.461,False,Sales,5879446.100000001
467,Amy,Female,6/19/2002,3:06 AM,122897,8.222000000000001,True,Engineering,12290522.2
468,Janice,Female,6/28/1997,1:48 PM,136032,10.696,True,Marketing,13604269.6
469,Stephen,Male,5/9/2015,7:07 PM,141958,9.078,True,Legal,14196707.8
470,Ryan,Male,7/20/1993,10:18 PM,139917,11.466,False,Distribution,13992846.599999998
471,Sharon,Female,3/12/2002,6:32 AM,147635,14.693,False,Human Resources,14764969.3
472,Joshua,Male,7/10/1984,7:22 PM,68230,8.047,False,Client Services,6823804.7
473,Clarence,Male,8/20/1992,8:23 PM,124365,8.457,False,Business Development,12437345.7
474,Jonathan,Male,8/15/2002,12:01 AM,104749,11.364,False,Engineering,10476036.4
475,Stephanie,Female,11/26/1992,12:54 AM,122121,7.937,True,Engineering,12212893.700000001
476,Kathy,Female,10/25/1996,12:59 PM,143541,8.461,False,Human Resources,14354946.100000001
477,Albert,Male,8/14/2008,5:43 PM,137840,9.705,False,Business Development,13784970.499999998
478,Michael,Male,5/22/2011,10:42 AM,73354,18.357,False,Business Development,7337235.7
479,Richard,Male,7/4/1997,11:47 AM,47647,18.787,True,,4766578.699999999
480,Amy,Female,3/30/2008,10:54 PM,106249,15.967,False,Sales,10626496.700000001
481,,Female,4/27/2013,6:40 AM,93847,1.085,,Business Development,9384808.5
482,Beverly,,5/3/1995,5:49 AM,104815,3.38,False,Product,10481838.0
483,,Female,4/26/1992,8:01 PM,115436,3.0989999999999998,,Human Resources,11543909.9
484,Joe,Male,4/14/2000,3:14 PM,50645,11.119000000000002,False,Marketing,5065611.899999999
485,Ashley,Female,8/15/1997,9:48 PM,142415,1.985,True,Finance,14241698.499999998
486,Howard,Male,4/9/2012,6:36 AM,37984,2.021,False,Distribution,3798602.1
487,Cheryl,Female,12/3/2014,9:27 AM,71751,15.918,False,Business Development,7176691.800000001
488,Robert,Male,3/11/2007,11:20 AM,135882,19.944000000000003,False,Legal,13590194.399999999
489,Sharon,Female,7/1/2011,9:50 AM,46007,19.730999999999998,True,Client Services,4602673.1
490,Judith,Female,11/23/2007,1:22 PM,117055,7.461,False,Marketing,11706246.1
491,Nicholas,,9/9/1989,7:12 PM,58478,6.525,True,Distribution,5848452.5
492,Jerry,Male,1/30/1995,7:51 PM,121357,18.845,False,Business Development,12137584.5
493,Craig,Male,11/1/2005,11:31 PM,44857,13.265999999999998,False,Finance,4487026.600000001
494,Barbara,Female,3/21/2002,8:02 AM,47322,7.25,True,Sales,4732925.0
495,Eugene,Male,5/24/1984,10:54 AM,81077,2.117,False,Sales,8107911.7
496,Johnny,Male,2/26/2016,7:39 PM,76394,5.437,True,Marketing,7639943.7
497,Benjamin,Male,5/5/2013,3:28 PM,114356,7.122999999999999,False,Client Services,11436312.3
498,Diana,Female,6/13/1994,4:21 PM,41831,4.548,False,Business Development,4183554.8000000003
499,Barbara,,12/10/1980,11:04 PM,90187,14.764000000000001,True,Distribution,9020176.4
500,Christine,Female,2/1/2003,1:11 PM,72613,11.126,False,Legal,7262412.600000001
501,Sean,Male,2/11/2013,7:07 PM,42748,9.765,False,Distribution,4275776.5
502,Sarah,Female,11/3/1980,2:47 PM,37259,1.7630000000000001,False,Client Services,3726076.3
503,Roger,Male,8/3/2015,4:56 PM,125033,4.887,True,Marketing,12503788.700000001
504,,Female,6/24/2014,10:05 AM,38275,10.494000000000002,,Distribution,3828549.4
505,,Male,4/20/1980,1:17 PM,71520,13.248,,Engineering,7153324.800000001
506,Donald,Male,7/14/1995,7:51 AM,106472,6.499,True,Client Services,10647849.9
507,Clarence,Male,11/3/2015,12:11 AM,103684,18.654,True,Engineering,10370265.4
508,Scott,Male,11/23/1996,7:36 PM,96111,15.592,False,Human Resources,9612659.200000001
509,Ann,Female,11/4/1984,12:17 PM,90719,6.22,False,Business Development,9072522.0
510,Frank,Male,4/27/2003,12:04 PM,140303,17.07,False,Legal,14032007.0
511,Joe,Male,7/4/1983,7:32 AM,62161,8.13,True,Business Development,6216913.0
512,Wanda,Female,4/6/1993,3:11 AM,78883,19.695,False,,7890269.500000001
513,Jimmy,Male,11/19/2013,7:29 PM,63549,19.624000000000002,False,,6356862.4
514,Amy,,12/25/1984,10:52 AM,63888,18.115,True,Product,6390611.5
515,Larry,Male,1/8/1999,2:05 AM,97370,10.458,False,Sales,9738045.8
516,Gloria,Female,4/12/1992,8:26 PM,66224,15.979000000000001,True,Legal,6623997.9
517,Ruth,Female,12/12/1996,10:07 AM,97915,3.997,True,Human Resources,9791899.700000001
518,Diana,Female,1/19/1995,12:37 AM,86883,18.003,True,Product,8690100.299999999
519,Raymond,Male,2/16/2009,10:38 PM,37812,3.178,False,Human Resources,3781517.8
520,Peter,Male,2/22/2003,9:09 AM,56580,8.411,True,,5658841.1
521,,,9/25/1981,9:59 AM,83895,17.971,,Engineering,8391297.1
522,Catherine,Female,8/31/2013,7:24 PM,58047,14.857999999999999,True,Distribution,5806185.8
523,Diane,Female,7/5/1982,4:56 PM,124889,15.026,True,Sales,12490402.6
524,Peter,,10/13/2014,9:33 PM,118840,14.509,True,Client Services,11885450.9
525,Steve,Male,8/22/1995,6:58 AM,67780,9.54,True,Human Resources,6778953.999999999
526,Barbara,Female,3/22/2004,8:11 AM,144677,8.696,False,Finance,14468569.6
527,Helen,,12/2/1993,1:42 PM,45724,1.022,False,Product,4572502.199999999
528,Jimmy,,8/26/1983,2:48 AM,86676,7.175,True,Product,8668317.5
529,Christopher,Male,4/23/2014,7:52 AM,82401,7.252000000000001,False,Client Services,8240825.199999999
530,Kathleen,Female,6/13/2014,9:16 AM,35575,14.595,False,Distribution,3558959.5
531,Virginia,Female,5/2/2010,9:10 PM,123649,10.154,True,Marketing,12365915.4
532,Lisa,Female,2/26/2005,6:33 PM,38078,10.28,True,Product,3808828.0
533,Earl,Male,2/11/2014,9:03 PM,52620,13.773,False,Product,5263377.3
534,Gerald,,1/8/1992,3:50 PM,133366,12.292,False,Legal,13337829.2
535,Louise,Female,9/18/1981,5:47 AM,91462,8.205,False,Marketing,9147020.5
536,Clarence,Male,8/26/1982,9:47 AM,146589,4.905,True,Business Development,14659390.5
537,Cynthia,Female,9/14/1991,1:08 PM,51633,13.472000000000001,True,Business Development,5164647.2
538,Adam,Male,10/8/2010,9:53 PM,45181,3.491,False,Human Resources,4518449.100000001
539,Justin,Male,9/6/1999,10:30 AM,62454,3.4589999999999996,True,Sales,6245745.9
540,,Female,12/2/2009,3:30 AM,84746,4.82,,Finance,8475082.0
541,Ruby,Female,5/1/1999,3:36 AM,147362,7.851,True,Engineering,14736985.1
542,Amanda,Female,8/1/2004,1:32 PM,80803,14.077,True,Distribution,8081707.7
543,Anna,Female,4/15/2008,2:34 PM,117293,2.366,False,Client Services,11729536.6
544,Roger,Male,7/3/2010,5:11 PM,105689,13.32,True,Marketing,10570232.0
545,Julie,,2/4/1999,5:35 PM,93302,9.048,True,Product,9331104.799999999
546,Joseph,Male,9/10/1992,6:50 PM,102555,3.6719999999999997,True,Product,10255867.200000001
547,Evelyn,Female,9/22/1998,7:55 PM,51525,10.366,False,Finance,5153536.600000001
548,Janice,Female,1/2/1984,9:06 PM,41190,3.3110000000000004,True,Sales,4119331.1
549,Sara,Female,2/25/1980,10:50 PM,75484,3.1860000000000004,False,Finance,7548718.600000001
550,Gregory,Male,6/18/1984,3:46 AM,82726,16.304000000000002,True,Marketing,8274230.4
551,Philip,Male,7/18/1985,6:36 AM,122319,19.122,False,Engineering,12233812.200000001
552,Barbara,Female,9/2/1991,3:41 PM,127297,11.905,True,Product,12730890.5
553,Amanda,Female,6/7/2002,7:46 AM,109290,13.853,False,Engineering,10930385.3
554,Phyllis,,10/25/1985,7:11 AM,99150,6.007000000000001,False,Client Services,9915600.7
555,Anne,Female,10/26/1996,8:09 PM,71930,18.451,True,Product,7194845.1
556,Arthur,Male,12/16/2014,4:56 PM,66819,6.638999999999999,True,Marketing,6682563.899999999
557,Jane,Female,6/1/1994,8:39 AM,42424,18.115,False,Distribution,4244211.5
558,Linda,Female,8/18/1985,4:34 AM,51431,13.295,False,Engineering,5144429.5
559,Ashley,Female,11/17/1999,9:18 PM,120675,6.51,False,Human Resources,12068151.0
560,Shawn,Male,12/3/2009,10:24 AM,96610,2.097,True,Client Services,9661209.7
561,Kathleen,Female,9/20/1996,3:45 PM,71430,8.572000000000001,False,Engineering,7143857.2
562,Sara,,10/7/1983,1:35 PM,87713,18.863,True,Legal,8773186.299999999
563,Randy,Male,5/2/2002,7:39 PM,86723,14.842,False,Engineering,8673784.200000001
564,Andrew,Male,3/29/1985,6:57 PM,43414,7.563,True,Client Services,4342156.3
565,Marilyn,Female,8/9/2006,11:24 AM,87145,17.33,False,Human Resources,8716233.0
566,Johnny,Male,1/8/1995,1:35 PM,91124,12.985999999999999,True,Distribution,9113698.6
567,,Female,4/1/1980,8:04 PM,48141,12.605,,,4815360.5
568,Susan,Female,4/18/1986,9:31 AM,90829,19.142,False,Marketing,9084814.200000001
569,Ruby,Female,7/7/1980,3:42 AM,101262,6.773,False,Client Services,10126877.3
570,Kelly,Female,8/16/1996,3:09 AM,41427,1.431,False,Product,4142843.0999999996
571,Jonathan,Male,4/6/1995,10:38 PM,56993,18.623,False,Marketing,5701162.3
572,Raymond,Male,1/13/1996,4:14 PM,114244,16.69,False,Human Resources,11426069.0
573,Kimberly,Female,12/30/1981,4:51 AM,81800,5.435,True,,8180543.5
574,,Female,1/13/2009,1:01 PM,118736,7.421,,Client Services,11874342.1
575,John,Male,1/22/1995,12:17 AM,66077,5.809,True,Product,6608280.899999999
576,Michael,Male,7/30/1993,5:35 PM,35013,14.879000000000001,False,Product,3502787.9
577,Jerry,Male,5/4/2003,4:29 AM,98393,11.392999999999999,False,Client Services,9840439.299999999
578,Amanda,Female,3/17/1982,11:46 PM,107111,1.4380000000000002,True,Product,10711243.799999999
579,Harold,Male,10/18/2010,8:45 PM,65673,1.187,True,Legal,6567418.7
580,Harry,Male,1/27/1985,8:18 PM,65482,18.089000000000002,False,,6550008.9
581,Ernest,Male,1/28/1990,12:08 AM,81919,15.118,False,Marketing,8193411.8
582,Harry,Male,11/19/1982,11:25 AM,59277,10.2,False,Finance,5928720.0
583,Diane,Female,2/2/1988,6:14 PM,49501,13.505999999999998,False,Business Development,4951450.600000001
584,Jack,Male,5/30/2012,3:17 AM,70367,18.266,True,Legal,7038526.600000001
585,Shirley,Female,4/16/1988,11:09 AM,132156,2.7539999999999996,False,Marketing,13215875.399999999
586,Rose,Female,10/30/2004,4:34 PM,56961,7.585,False,Marketing,5696858.5
587,Cheryl,Female,7/23/1982,6:28 AM,98841,8.945,True,Client Services,9884994.5
588,Cynthia,Female,5/23/1980,3:19 AM,78226,2.419,False,Human Resources,7822841.899999999
589,Sandra,Female,4/24/1995,7:14 PM,116931,9.657,True,Human Resources,11694065.700000001
590,Andrea,Female,10/30/1994,11:23 AM,87575,13.345999999999998,True,Business Development,8758834.6
591,Rachel,Female,4/22/1988,12:01 PM,110924,7.808,False,Distribution,11093180.8
592,Justin,Male,5/24/1981,11:15 PM,78351,15.220999999999998,False,Sales,7836622.100000001
593,Marie,Female,11/23/2000,5:06 AM,125574,4.644,False,Sales,12557864.4
594,Louis,Male,4/15/2011,5:02 AM,95198,2.075,False,Business Development,9520007.5
595,Nancy,Female,5/7/1985,10:20 PM,121006,3.512,True,Finance,12100951.200000001
596,Mark,Male,10/3/1984,5:31 AM,95728,6.752000000000001,True,Business Development,9573475.2
597,Teresa,Female,6/24/1987,7:37 PM,69740,8.294,False,Distribution,6974829.399999999
598,Frances,Female,7/21/2001,2:34 AM,91996,11.505999999999998,False,Product,9200750.6
599,,Female,10/11/1990,10:57 PM,98385,10.925,,Human Resources,9839592.5
600,Barbara,,12/20/1994,10:09 AM,90556,15.749,True,Distribution,9057174.9
601,Christine,,6/15/1980,6:00 PM,50366,9.862,True,Marketing,5037586.2
602,Bobby,,7/21/2003,3:50 PM,84232,15.704,True,Engineering,8424770.4
603,Carl,,10/26/1991,8:11 AM,100888,12.49,True,Business Development,10090049.0
604,Bruce,Male,3/15/2013,11:13 PM,141335,15.427,True,Engineering,14135042.7
605,Rose,Female,5/20/1982,9:14 AM,97691,2.142,False,Client Services,9769314.200000001
606,Mildred,Female,2/21/1981,3:30 AM,47266,10.255999999999998,False,Client Services,4727625.600000001
607,,Male,10/13/1983,11:59 PM,139754,12.74,,Sales,13976674.0
608,,Female,10/24/1993,5:17 PM,116236,17.274,,Engineering,11625327.4
609,Todd,Male,2/16/2010,11:29 AM,103405,15.91,False,Sales,10342091.0
610,Alan,Male,2/17/2012,12:26 AM,41453,10.084,False,Product,4146308.4000000004
611,Elizabeth,,2/16/1981,3:58 AM,52730,12.525,False,Marketing,5274252.5
612,Julie,,10/21/2000,1:15 AM,60361,7.099,True,Distribution,6036809.9
613,Teresa,,1/3/1992,3:47 PM,63103,11.378,False,Finance,6311437.8
614,Eric,Male,11/12/2004,9:16 PM,65168,11.513,False,Distribution,6517951.3
615,Edward,Male,8/30/2001,1:24 AM,73105,6.082999999999999,True,Engineering,7311108.3
616,Kimberly,Female,12/6/1986,2:23 PM,37916,12.929,True,Distribution,3792892.8999999994
617,Kathy,Female,1/14/2001,5:11 AM,45682,1.4509999999999998,True,Marketing,4568345.1
618,Peter,Male,11/24/1992,5:43 PM,69297,1.268,False,Finance,6929826.8
619,Beverly,Female,10/22/1990,2:45 PM,59070,19.064,True,Engineering,5908906.399999999
620,Ralph,Male,3/7/2012,2:25 AM,81215,8.4,False,Finance,8122339.999999999
621,Justin,Male,8/10/1997,11:00 PM,128036,18.824,False,Client Services,12805482.399999999
622,Irene,Female,6/23/2005,11:03 AM,89780,8.999,True,Sales,8978899.9
623,Irene,Female,11/29/2006,2:14 PM,125018,9.601,True,Legal,12502760.1
624,Jeremy,Male,11/26/1997,8:22 AM,133033,12.2,False,Sales,13304520.000000002
625,Cynthia,Female,6/29/2015,6:38 AM,82408,8.701,True,Marketing,8241670.1
626,,Female,4/13/1997,8:03 AM,131755,2.93,,,13175793.0
627,Anne,Female,11/21/1984,12:30 PM,128305,16.636,False,Marketing,12832163.6
628,,,9/2/1988,12:49 PM,147309,1.702,,Distribution,14731070.2
629,Debra,Female,3/12/1983,12:19 PM,74911,19.512999999999998,False,Marketing,7493051.300000001
630,Michael,Male,7/13/1988,1:48 PM,47079,2.617,False,Legal,4708161.7
631,Jason,,3/6/2008,1:20 AM,82873,1.869,False,Client Services,8287486.9
632,Rebecca,Female,2/23/1990,3:21 PM,134673,6.877999999999999,False,Engineering,13467987.799999999
633,Andrea,Female,11/17/2011,2:37 PM,123591,6.5,True,Engineering,12359750.0
634,Carl,Male,3/30/1987,5:59 PM,75598,19.289,False,,7561728.9
635,Randy,Male,9/27/2000,3:04 AM,89831,13.047,True,,8984404.700000001
636,Marilyn,Female,7/2/1984,4:06 PM,92430,2.924,False,Engineering,9243292.4
637,Wayne,Male,9/2/2009,1:37 AM,126956,18.396,False,Human Resources,12697439.6
638,Frances,Female,11/12/1996,6:08 PM,112467,1.433,False,Business Development,11246843.3
639,Amanda,,8/11/1991,2:15 PM,46665,19.391,True,Client Services,4668439.100000001
640,Kathleen,Female,8/28/2004,10:49 AM,42553,3.7560000000000002,True,Distribution,4255675.600000001
641,Amanda,Female,1/25/1995,5:06 AM,102081,5.202999999999999,False,Sales,10208620.299999999
642,Amanda,,3/16/2010,9:17 AM,135118,15.107999999999999,False,Finance,13513310.8
643,Shawn,Male,9/29/1987,10:11 PM,71975,9.77,False,Human Resources,7198477.0
644,Katherine,Female,8/13/1996,12:21 AM,149908,18.912,False,Finance,14992691.200000001
645,Anna,,3/13/1985,9:19 AM,45418,10.162,False,Marketing,4542816.199999999
646,Elizabeth,Female,2/21/2010,7:02 AM,79145,19.78,False,Finance,7916478.0
647,Donald,Male,4/6/1988,10:00 AM,122920,5.32,False,,12292532.0
648,Gregory,Male,11/15/1999,5:22 PM,128031,15.857000000000001,True,Business Development,12804685.700000001
649,Ruth,Female,2/17/2004,5:38 AM,59969,14.064,True,Finance,5998306.399999999
650,Cynthia,Female,7/5/1986,1:24 AM,35381,11.749,False,Finance,3539274.9000000004
651,Deborah,Female,11/21/1985,1:40 PM,113129,17.371,False,Client Services,11314637.1
652,Willie,Male,12/5/2009,5:39 AM,141932,1.0170000000000001,True,Engineering,14193301.7
653,Debra,Female,5/28/2006,6:51 AM,42296,16.922,False,Product,4231292.2
654,Carl,Male,12/14/1984,8:49 PM,63395,11.411,False,Legal,6340641.1
655,Walter,Male,9/24/2007,11:16 PM,125382,13.613,True,Client Services,12539561.299999999
656,Lisa,Female,2/9/1982,6:44 PM,113592,17.108,True,Marketing,11360910.799999999
657,Rebecca,Female,3/5/2000,10:33 AM,46750,11.367,True,Sales,4676136.7
658,Jessica,Female,10/19/1986,9:58 PM,90285,13.591,True,Client Services,9029859.1
659,Steve,,8/27/2009,3:41 PM,53692,4.785,True,Marketing,5369678.5
660,Mary,,12/24/1986,7:02 PM,100341,6.662000000000001,False,Distribution,10034766.2
661,Craig,Male,8/21/1995,2:38 AM,123876,4.225,False,Engineering,12388022.5
662,Katherine,Female,12/19/2000,1:40 AM,41643,4.659,True,Distribution,4164765.9
663,Andrea,Female,8/31/1989,11:10 PM,113760,12.866,True,Distribution,11377286.6
664,Timothy,Male,10/6/2010,10:49 PM,49473,12.463,False,Legal,4948546.300000001
665,Anthony,Male,2/13/2013,1:35 PM,146141,3.645,True,Distribution,14614464.499999998
666,Harold,,2/4/2004,11:02 AM,79459,7.776,True,Business Development,7946677.6
667,Douglas,,2/4/2009,2:03 AM,104496,14.770999999999999,True,Marketing,10451077.1
668,James,Male,12/5/2001,7:06 AM,67789,17.105,True,Legal,6780610.5
669,Joseph,,3/28/1982,1:05 PM,86564,11.879000000000001,True,,8657587.9
670,Martha,Female,9/14/2001,3:22 AM,135758,14.782,True,Client Services,13577278.200000001
671,Laura,Female,7/12/2000,6:07 PM,84672,3.96,False,Distribution,8467596.0
672,Robert,Male,11/5/1982,12:41 PM,111580,10.982000000000001,False,Human Resources,11159098.200000001
673,Ralph,Male,3/24/1996,11:54 AM,50455,16.248,False,Business Development,5047124.8
674,,Male,8/28/2012,7:56 PM,88733,1.932,,Human Resources,8873493.2
675,Diane,Female,10/30/2009,6:56 PM,130577,12.790999999999999,False,Marketing,13058979.1
676,Annie,Female,6/6/1992,10:04 AM,138925,9.801,True,Marketing,13893480.100000001
677,Jacqueline,Female,9/20/1994,6:07 PM,62371,15.77,True,Client Services,6238677.0
678,Brenda,Female,4/17/1984,7:12 AM,87715,2.675,False,Product,8771767.5
679,Lori,Female,9/11/2002,7:36 AM,66029,3.345,True,Client Services,6603234.5
680,Albert,Male,6/17/1992,3:25 AM,86818,14.300999999999998,True,Engineering,8683230.100000001
681,Frank,Male,11/23/2002,6:10 PM,75147,17.398,False,Product,7516439.8
682,Deborah,Female,4/23/2000,6:55 PM,105573,5.268,True,Product,10557826.799999999
683,Robin,,12/20/2005,2:42 PM,41230,6.611000000000001,True,Distribution,4123661.0999999996
684,Alice,Female,1/21/2016,5:07 PM,117787,10.485,False,,11779748.5
685,,Male,10/20/1989,9:37 AM,88086,19.387,,Finance,8810538.700000001
686,Paul,,2/18/2011,12:23 PM,91462,18.704,False,Finance,9148070.4
687,,Male,12/27/1996,7:07 AM,139959,8.992,,Distribution,13996799.2
688,Brian,Male,4/7/2007,10:47 PM,93901,17.820999999999998,True,Legal,9391882.1
689,Julie,,5/8/1980,6:31 AM,50529,17.262999999999998,False,Finance,5054626.3
690,Bruce,Male,1/28/2007,11:10 PM,134988,13.925999999999998,True,Sales,13500192.600000001
691,Joan,Female,10/2/2007,2:53 AM,120941,3.694,True,Finance,12094469.4
692,Harold,Male,5/15/2007,6:37 PM,118753,8.162,False,Sales,11876116.2
693,Alice,Female,10/16/1995,9:19 PM,92799,2.782,False,Sales,9280178.200000001
694,Barbara,Female,11/12/2011,12:35 AM,85718,13.325999999999999,False,Client Services,8573132.6
695,Sarah,Female,4/6/1999,11:17 AM,109517,5.146,False,Human Resources,10952214.6
696,Samuel,Male,5/25/2012,4:40 PM,85550,11.593,True,Marketing,8556159.299999999
697,,Male,5/23/1990,2:09 AM,136655,9.801,,Distribution,13666480.100000001
698,Barbara,,8/2/2002,5:13 AM,43312,8.218,True,Legal,4332021.8
699,Amy,,5/19/1984,11:47 AM,102839,10.385,True,Distribution,10284938.5
700,Frank,Male,3/2/2009,9:15 PM,78891,7.9270000000000005,True,Distribution,7889892.699999999
701,Robin,,9/16/2005,1:26 AM,93201,11.712,True,Legal,9321271.2
702,Debra,Female,3/17/2011,1:12 PM,84693,6.976,True,Finance,8469997.6
703,Brandon,,5/31/2004,3:36 PM,73587,9.769,True,Human Resources,7359676.9
704,Thomas,Male,9/7/1991,9:51 AM,65251,11.210999999999999,False,Distribution,6526221.100000001
705,Harry,Male,9/23/2015,1:36 AM,129148,15.193,True,Engineering,12916319.3
706,Todd,Male,7/4/1993,6:53 PM,128175,18.473,True,,12819347.3
707,Patricia,Female,3/7/1998,1:10 AM,75825,7.8389999999999995,False,Engineering,7583283.9
708,Steve,Male,1/11/2002,9:17 PM,51821,1.197,True,Legal,5182219.7
709,,Male,4/7/1995,4:32 AM,60411,12.048,,Human Resources,6042304.8
710,Edward,Male,11/27/1997,1:00 AM,58327,17.095,True,Finance,5834409.5
711,Karen,Female,1/9/2014,10:09 PM,46478,16.552,False,Engineering,4649455.2
712,Martin,,2/6/2001,4:17 AM,123963,15.745,True,Engineering,12397874.5
713,Ann,Female,9/28/1994,5:44 AM,79796,9.851,False,Distribution,7980585.1
714,Jonathan,Male,7/30/1984,6:02 PM,83809,12.922,False,Distribution,8382192.2
715,Peter,Male,3/22/1982,7:28 AM,77933,13.132,True,Engineering,7794613.2
716,Eric,Male,6/15/1993,3:56 AM,51070,13.806,True,Business Development,5108380.6
717,Jason,,4/15/1988,8:16 PM,97480,11.517999999999999,False,Human Resources,9749151.799999999
718,Terry,Male,10/21/2010,11:18 PM,58357,7.968999999999999,False,Engineering,5836496.899999999
719,John,Male,1/29/1999,3:07 AM,67165,13.001,False,Engineering,6717800.100000001
720,Marie,Female,4/8/1983,2:01 PM,145988,18.685,True,Human Resources,14600668.5
721,Harold,Male,4/16/2010,5:13 AM,147417,11.626,True,Business Development,14742862.6
722,Joshua,Male,6/27/1997,3:23 PM,95003,5.197,True,Marketing,9500819.7
723,Brandon,,9/5/1992,2:32 AM,144187,11.415999999999999,True,Legal,14419841.6
724,Andrea,Female,12/10/2001,6:40 AM,37888,13.47,False,Engineering,3790147.0
725,Jeremy,Male,5/19/1991,1:40 PM,131513,1.876,True,Finance,13151487.6
726,Daniel,Male,2/29/2016,4:04 AM,77287,13.0,True,,7730000.0
727,Roy,Male,5/10/2004,1:22 PM,46875,12.942,True,Sales,4688794.2
728,Dorothy,Female,10/8/2008,12:22 AM,82744,19.111,True,Client Services,8276311.100000001
729,Steven,Male,9/7/1986,12:32 AM,43252,18.892,False,Client Services,4327089.2
730,Nicole,Female,4/26/2009,12:40 AM,66047,18.674,True,Marketing,6606567.4
731,Ann,Female,7/16/2001,9:27 AM,118431,12.772,True,Finance,11844377.2
732,Henry,Male,5/12/1986,2:04 AM,59943,1.432,False,Finance,5994443.2
733,,Male,6/17/2009,1:00 PM,136681,3.655,,Business Development,13668465.5
734,,Female,12/18/1994,8:42 PM,138807,1.4,,Human Resources,13880840.0
735,Barbara,Female,11/26/2002,5:32 AM,82884,6.837000000000001,True,Business Development,8289083.7
736,Judy,Female,4/5/2011,1:44 AM,48668,11.716,True,Product,4867971.6
737,Lawrence,Male,7/23/2011,3:41 AM,122971,14.618,False,Product,12298561.8
738,Joseph,Male,10/10/2010,11:12 PM,107050,12.737,False,Business Development,10706273.7
739,Carlos,Male,1/25/1981,10:00 AM,138598,14.737,False,Sales,13861273.7
740,Russell,,5/9/2009,11:59 AM,149456,3.533,False,Marketing,14945953.299999999
741,Jane,Female,7/10/1999,7:02 PM,128540,15.940999999999999,False,Legal,12855594.100000001
742,Martin,Male,2/25/2016,6:29 PM,61117,2.844,False,Client Services,6111984.399999999
743,Steven,Male,5/30/1980,8:25 PM,100949,13.812999999999999,True,Human Resources,10096281.299999999
744,Judy,,7/15/2011,3:38 PM,46829,5.19,True,Finance,4683419.0
745,James,Male,2/16/2008,2:49 AM,69111,14.625,True,Business Development,6912562.5
746,Gloria,Female,8/19/2004,10:31 AM,46602,1.0270000000000001,True,Business Development,4660302.7
747,Ernest,Male,6/30/2001,1:46 PM,61181,16.559,False,Business Development,6119755.9
748,Martha,Female,7/17/1997,11:11 PM,94963,19.625999999999998,True,Business Development,9498262.6
749,Janet,,1/25/1986,5:48 AM,85789,9.712,False,Legal,8579871.2
750,Louis,,2/5/1983,6:39 PM,145274,16.379,False,Product,14529037.899999999
751,Tina,Female,8/6/1999,3:18 AM,102841,3.3689999999999998,False,Client Services,10284436.9
752,Henry,Male,2/23/2007,3:24 AM,49665,18.338,False,Business Development,4968333.800000001
753,Antonio,Male,6/6/1999,10:54 PM,41928,5.478,True,,4193347.8000000003
754,Lisa,Female,4/11/2007,1:04 AM,128042,2.03,True,Legal,12804403.0
755,Denise,Female,2/19/1984,6:22 AM,86150,3.997,False,Client Services,8615399.700000001
756,Stephen,Male,10/21/1984,6:26 AM,121816,10.615,True,Distribution,12182661.5
757,Benjamin,Male,4/12/1988,11:32 PM,123409,7.7829999999999995,False,Product,12341678.299999999
758,Carl,,8/18/2007,8:01 AM,98295,7.617000000000001,True,Legal,9830261.7
759,Ruth,Female,9/2/1980,6:52 AM,59678,10.895,False,Distribution,5968889.5
760,Shawn,Male,12/29/2006,3:05 AM,57871,4.02,True,Human Resources,5787502.0
761,Jennifer,Female,3/31/2015,7:43 PM,132084,10.006,True,Engineering,13209400.6
762,Terry,Male,11/10/2004,4:33 AM,35633,3.947,True,Distribution,3563694.7
763,Jacqueline,Female,7/27/2008,12:08 PM,125298,3.0189999999999997,True,Legal,12530101.9
764,Roger,Male,5/2/1988,10:04 PM,115582,15.343,True,Sales,11559734.299999999
765,Alice,,4/23/1995,6:35 AM,148339,11.479000000000001,True,Finance,14835047.899999999
766,Justin,Male,7/25/1991,12:45 AM,112975,9.699,False,Human Resources,11298469.899999999
767,Janet,Female,7/12/2008,12:10 PM,36927,18.769000000000002,False,Client Services,3694576.9
768,Robin,Female,3/26/2004,5:41 PM,70248,9.66,True,Sales,7025766.0
769,Samuel,,10/7/2002,3:08 AM,141305,9.849,True,Marketing,14131484.899999999
770,Katherine,Female,9/22/2006,8:08 PM,72002,13.177999999999999,True,Product,7201517.8
771,Peter,Male,5/22/1991,1:39 AM,102577,12.026,True,Product,10258902.6
772,Lillian,Female,8/14/2009,5:41 AM,113554,18.018,True,Business Development,11357201.799999999
773,,Male,10/24/1986,9:23 AM,47176,10.735999999999999,,Finance,4718673.6
774,,Female,6/18/2000,7:36 AM,106428,10.867,,,10643886.7
775,Rose,Female,11/3/1999,9:06 AM,75181,6.06,True,Finance,7518706.0
776,Bobby,Male,9/30/2004,10:52 PM,79047,18.784000000000002,False,Human Resources,7906578.4
777,Kimberly,Female,4/20/1986,3:55 PM,52970,4.513,False,Sales,5297451.3
778,Antonio,Male,12/28/2003,4:17 AM,137979,5.266,False,Distribution,13798426.6
779,Doris,Female,9/8/1984,7:03 PM,114360,17.799,True,Business Development,11437779.9
780,Steven,Male,7/5/2009,4:55 AM,110306,16.843,True,Human Resources,11032284.299999999
781,Lawrence,Male,7/3/1995,10:55 PM,46378,9.127,False,,4638712.7
782,,Male,5/6/1986,4:41 PM,74104,17.68,,Client Services,7412167.999999999
783,,,4/15/1991,3:39 AM,132505,13.592,,Product,13251859.200000001
784,Stephanie,Female,9/14/1982,8:14 AM,96649,3.4530000000000003,False,Sales,9665245.299999999
785,,Female,7/24/1982,12:00 AM,57811,8.941,,Marketing,5781994.1
786,Sandra,Female,9/7/1989,4:17 PM,111468,2.58,True,Product,11147058.0
787,Kevin,Male,7/1/2005,3:22 PM,141498,4.135,True,Sales,14150213.5
788,Michelle,,3/31/2012,6:28 AM,124441,16.352999999999998,False,Business Development,12445735.3
789,Lisa,Female,7/8/2000,9:19 PM,40121,6.292999999999999,False,Product,4012729.3
790,Fred,Male,3/3/1989,2:27 AM,129712,11.058,False,Finance,12972305.8
791,Joseph,Male,11/4/1982,9:46 PM,126010,19.601,False,Legal,12602960.1
792,Anne,,4/18/1996,11:57 PM,122762,9.564,False,Distribution,12277156.4
793,Andrea,Female,7/22/1999,9:25 AM,149105,13.707,True,Distribution,14911870.7
794,Nicole,Female,3/1/2004,5:17 PM,44021,10.286,False,,4403128.6
795,Theresa,,10/7/1995,10:16 AM,42025,3.319,True,Human Resources,4202831.9
796,Catherine,Female,8/31/1986,6:20 PM,59970,12.800999999999998,False,Client Services,5998280.1
797,Rose,Female,12/31/1982,6:50 PM,145001,19.85,False,Engineering,14502085.0
798,Lawrence,Male,10/1/1984,2:06 PM,102589,17.952,True,Marketing,10260695.200000001
799,Raymond,Male,12/12/1986,12:18 PM,47529,2.7119999999999997,True,Product,4753171.2
800,Clarence,Male,8/5/1989,6:11 PM,148941,11.517000000000001,False,Product,14895251.7
801,Ryan,Male,4/15/1988,5:18 AM,91109,17.499000000000002,True,Human Resources,9112649.9
802,Jane,Female,1/12/1992,1:23 PM,51923,13.623,False,Business Development,5193662.3
803,Lois,Female,7/28/2012,11:39 AM,53954,19.075,False,Product,5397307.5
804,Shawn,Male,3/17/2008,2:12 PM,39335,10.664000000000001,False,Distribution,3934566.4
805,Thomas,Male,5/3/1990,9:29 AM,111371,15.081,True,Engineering,11138608.100000001
806,Kathryn,Female,1/29/2008,12:29 AM,86676,6.081,False,Sales,8668208.100000001
807,Mary,Female,11/6/2011,8:32 AM,115057,2.089,False,Finance,11505908.9
808,Julie,Female,3/8/1980,5:13 AM,145357,3.4589999999999996,False,Engineering,14536045.9
809,George,Male,9/27/1995,5:04 PM,36749,19.754,False,Finance,3676875.4
810,Ralph,Male,2/10/2000,4:48 PM,89854,7.227,False,Business Development,8986122.7
811,Judith,Female,9/3/1989,11:16 AM,134048,6.818,True,Marketing,13405481.8
812,,Male,12/13/1994,10:34 AM,141311,5.478,,Product,14131647.8
813,Evelyn,Female,2/10/2002,4:44 AM,123621,19.767,True,Marketing,12364076.700000001
814,Rachel,Female,6/23/2011,12:52 AM,54941,3.221,True,Distribution,5494422.1
815,Maria,,1/18/1986,8:36 PM,106562,4.0,False,Human Resources,10656600.0
816,Kelly,Female,3/17/2007,6:20 PM,39371,4.0680000000000005,False,Engineering,3937506.8
817,Ruby,Female,5/31/2008,8:41 PM,83112,4.083,False,Marketing,8311608.3
818,Ann,Female,10/3/1980,1:08 AM,96941,10.048,True,Distribution,9695104.799999999
819,Kenneth,Male,12/14/1985,6:55 AM,47232,17.862000000000002,True,Legal,4724986.2
820,William,Male,11/18/1993,12:27 PM,54058,5.182,True,Human Resources,5406318.2
821,,Female,12/27/1980,2:27 AM,80399,12.254000000000001,,Distribution,8041125.4
822,Deborah,Female,2/26/2009,10:17 AM,118043,7.266,True,Business Development,11805026.6
823,,Male,11/12/2009,2:30 PM,109411,9.494,,Engineering,10942049.4
824,Julia,Female,8/18/2014,3:12 AM,97566,2.147,False,Marketing,9756814.7
825,Robert,,12/4/2000,1:20 AM,69267,5.89,True,Sales,6927289.0
826,,,8/1/1988,1:35 AM,87103,5.665,,,8710866.5
827,Jesse,,7/16/2014,2:24 AM,98811,7.487,False,Legal,9881848.7
828,Cynthia,Female,7/12/2006,8:55 AM,149684,7.864,False,Product,14969186.4
829,Johnny,Male,1/14/2007,2:54 PM,71383,2.097,True,Human Resources,7138509.699999999
830,Michael,Male,8/31/2002,1:20 AM,81206,19.908,True,Distribution,8122590.8
831,Kenneth,Male,1/15/2015,2:41 PM,69112,7.587999999999999,True,Finance,6911958.800000001
832,Keith,Male,2/12/2003,3:02 PM,120672,19.467,False,Legal,12069146.700000001
833,Gerald,Male,5/28/2010,12:26 PM,96511,9.331,False,Human Resources,9652033.100000001
834,Carl,,2/11/1982,7:54 AM,49325,2.0709999999999997,True,Business Development,4932707.100000001
835,Douglas,Male,8/4/2007,5:23 AM,132175,2.28,False,Engineering,13217728.0
836,Carolyn,Female,3/17/2004,6:38 AM,118037,13.492,False,Finance,11805049.2
837,Joseph,Male,5/23/1985,10:16 PM,139570,15.804,True,Finance,13958580.4
838,Billy,Male,4/6/2000,3:14 PM,115280,9.152999999999999,False,Distribution,11528915.3
839,Joyce,Female,7/25/2001,6:04 AM,51065,16.807000000000002,False,Human Resources,5108180.7
840,Lillian,Female,8/26/2002,8:53 AM,103854,4.9239999999999995,True,Distribution,10385892.4
841,Ruby,Female,8/13/2006,6:27 PM,48354,19.500999999999998,False,Business Development,4837350.1
842,Sandra,Female,2/7/1998,12:39 PM,132327,19.264,False,Product,13234626.4
843,Louise,Female,2/26/1982,1:03 AM,106362,8.965,False,Sales,10637096.5
844,Maria,,6/19/1985,1:48 AM,148857,8.738,False,Legal,14886573.8
845,Brenda,Female,1/3/1981,6:01 PM,131131,11.682,False,Client Services,13114268.2
846,Stephen,Male,9/10/1990,10:42 PM,129663,15.574000000000002,False,Human Resources,12967857.399999999
847,Nicole,,5/2/1981,12:03 PM,41449,4.707,False,Finance,4145370.7
848,Bobby,Male,6/5/1984,7:40 AM,93368,2.88,True,Product,9337088.0
849,Ernest,Male,9/6/1997,2:02 PM,53335,9.192,False,Product,5334419.2
850,Charles,Male,9/3/1997,10:04 AM,148291,6.002000000000001,False,,14829700.200000001
851,Bobby,Male,8/19/1996,1:16 AM,147842,16.158,True,,14785815.799999999
852,Diana,Female,11/19/2004,8:47 AM,105066,17.343,True,Business Development,10508334.299999999
853,Mildred,Female,4/6/2007,10:06 PM,139284,11.39,True,,13929539.000000002
854,Harry,Male,2/10/1985,7:46 PM,63046,10.411,False,Finance,6305641.1
855,Phillip,,10/20/2003,11:09 AM,89700,2.2769999999999997,True,,8970227.7
856,Bonnie,,1/18/2006,6:52 PM,108946,12.210999999999999,False,Finance,10895821.1
857,Marie,Female,12/8/1993,6:28 PM,98406,7.943,True,Product,9841394.3
858,Sean,Male,4/25/2006,4:51 PM,108581,9.634,False,Human Resources,10859063.4
859,Robin,Female,10/1/2012,2:44 AM,41808,19.239,False,Business Development,4182723.9000000004
860,Phillip,Male,10/7/1984,11:05 AM,36837,14.66,False,Marketing,3685166.0000000005
861,Jerry,Male,3/26/1989,4:15 AM,140850,18.855,False,Finance,14086885.500000002
862,Ronald,Male,5/25/1983,10:05 AM,50426,18.535999999999998,True,Sales,5044453.6
863,Phillip,Male,5/15/1984,6:15 AM,134120,6.8420000000000005,False,Human Resources,13412684.200000001
864,Ryan,Male,11/16/2012,1:47 PM,57292,6.01,False,,5729801.0
865,Karen,Female,8/29/1997,4:56 PM,80633,16.305999999999997,False,Legal,8064930.6
866,Bonnie,Female,8/25/2004,2:17 AM,131943,14.249,False,Client Services,13195724.9
867,Earl,Male,6/15/2013,3:00 AM,48046,7.737,False,Marketing,4805373.7
868,Katherine,Female,8/18/2013,3:58 PM,97443,13.657,False,Product,9745665.700000001
869,Matthew,Male,8/3/1995,5:39 AM,135352,7.986000000000001,True,Business Development,13535998.6
870,Cynthia,,11/19/1996,10:40 PM,107816,18.750999999999998,False,Marketing,10783475.1
871,Gerald,Male,3/29/2003,10:37 AM,96329,2.469,True,Engineering,9633146.9
872,Brenda,Female,1/18/2015,4:39 PM,73749,19.332,False,Business Development,7376833.199999999
873,Jason,Male,5/1/1998,6:05 PM,75607,4.2989999999999995,True,Sales,7561129.9
874,Melissa,Female,9/8/1994,4:11 AM,98858,3.525,True,Human Resources,9886152.5
875,Beverly,Female,4/11/1998,2:27 PM,76485,9.212,True,Engineering,7649421.2
876,Terry,,9/11/1992,4:41 PM,41238,8.219,False,Marketing,4124621.9
877,,Male,9/5/1980,7:36 AM,114896,13.823,,Client Services,11490982.3
878,Jacqueline,Female,5/25/2003,7:13 PM,125418,8.064,False,Distribution,12542606.4
879,Amy,Female,5/20/2009,6:26 AM,75415,19.132,False,Client Services,7543413.2
880,Robert,,5/25/2007,3:17 AM,90998,8.382,False,Finance,9100638.2
881,Ruby,Female,1/28/1980,11:08 PM,142868,6.318,False,Marketing,14287431.8
882,Sara,,11/18/2014,2:47 PM,135990,14.344000000000001,True,Distribution,13600434.4
883,Kathryn,Female,10/27/1995,3:39 PM,57300,18.015,False,Marketing,5731801.5
884,Lisa,Female,10/17/2003,1:42 PM,73706,18.53,False,Finance,7372453.0
885,Juan,Male,10/6/1993,8:52 AM,85871,9.16,False,Product,8588016.0
886,Anthony,Male,1/30/2014,9:04 PM,96795,14.837,False,Sales,9680983.7
887,David,Male,12/5/2009,8:48 AM,92242,15.407,False,Legal,9225740.700000001
888,Marilyn,Female,10/8/2007,12:32 AM,115149,11.934000000000001,True,Legal,11516093.399999999
889,Margaret,Female,1/4/2001,3:07 AM,126924,1.5519999999999998,True,Finance,12692555.2
890,,Male,11/24/2015,3:11 AM,145329,7.1,,Finance,14533610.0
891,Timothy,Male,8/25/1991,10:37 AM,92587,8.475,False,Finance,9259547.5
892,Brandon,Male,10/23/1995,12:04 PM,60263,2.7089999999999996,False,Sales,6026570.9
893,Frank,Male,7/27/2013,4:32 PM,91406,5.681,True,Business Development,9141168.1
894,Betty,Female,11/19/2002,10:40 AM,37005,7.645,True,Marketing,3701264.4999999995
895,Janice,,11/19/1991,6:02 PM,139791,16.968,False,Business Development,13980796.799999999
896,Victor,Male,3/10/2010,5:01 PM,45267,3.9419999999999997,True,Sales,4527094.2
897,Kenneth,,2/28/1994,10:10 AM,95296,10.146,False,Finance,9530614.6
898,Jane,Female,4/27/2012,2:12 PM,59680,15.210999999999999,True,Business Development,5969521.100000001
899,Walter,Male,5/21/1992,12:39 AM,144701,16.323,True,Marketing,14471732.3
900,Christina,Female,6/23/2002,3:18 PM,35477,18.178,False,Human Resources,3549517.8
901,Patricia,Female,10/10/1995,4:52 PM,119266,6.9110000000000005,False,Distribution,11927291.1
902,,Male,5/23/2001,7:52 PM,103877,6.322,,Distribution,10388332.2
903,Heather,Female,7/29/1983,10:48 AM,47605,14.955,True,Human Resources,4761995.5
904,Stephanie,Female,6/26/1988,5:48 AM,136604,6.16,True,Human Resources,13661016.0
905,Alice,Female,2/9/2013,12:49 AM,121250,4.363,True,Finance,12125436.299999999
906,Frances,Female,5/16/2014,8:31 AM,35884,17.667,False,Sales,3590166.7
907,Elizabeth,Female,7/27/1998,11:12 AM,137144,10.081,False,Finance,13715408.100000001
908,Janice,Female,12/17/2009,6:42 AM,102697,3.283,False,Engineering,10270028.299999999
909,Donald,Male,8/1/1991,2:25 AM,61999,6.466,False,Product,6200546.6
910,Melissa,Female,10/22/2002,1:20 AM,45223,8.879,True,Legal,4523187.9
911,Carl,Male,7/7/2010,1:33 PM,54033,15.527999999999999,True,Business Development,5404852.8
912,Joe,Male,12/8/1998,10:28 AM,126120,1.02,False,,12612102.0
913,Lois,Female,12/11/2015,4:10 PM,99747,6.167999999999999,False,Marketing,9975316.8
914,Ann,Female,9/28/2001,6:37 AM,71958,5.272,True,Distribution,7196327.199999999
915,Todd,Male,1/4/1983,12:34 PM,115566,6.716,True,Client Services,11557271.6
916,Marilyn,Female,1/16/1996,7:18 AM,118369,7.696000000000001,True,Business Development,11837669.6
917,Shawn,Male,3/13/2008,5:36 PM,51667,6.3389999999999995,False,Product,5167333.9
918,Ryan,Male,4/27/1999,3:41 AM,85858,19.475,False,Client Services,8587747.5
919,Sean,Male,3/21/2009,11:38 AM,131423,8.957,False,Distribution,13143195.7
920,Rose,Female,1/2/2002,9:14 PM,49538,9.828,False,Client Services,4954782.8
921,George,Male,6/5/2015,5:40 AM,50369,18.9,True,Sales,5038790.0
922,Arthur,Male,12/5/2013,8:44 AM,86615,3.412,True,Business Development,8661841.2
923,Irene,,2/28/1991,10:23 PM,135369,4.38,False,Business Development,13537338.0
924,Deborah,Female,11/11/2003,4:53 PM,60003,9.624,False,Client Services,6001262.4
925,,Female,8/23/2000,4:19 PM,95866,19.387999999999998,,Sales,9588538.8
926,Judith,Female,3/1/2004,7:32 AM,109324,19.488,False,Distribution,10934348.799999999
927,Philip,Male,3/11/2005,10:56 AM,103557,16.014,True,Business Development,10357301.4
928,Jeffrey,Male,9/20/1986,6:06 AM,111376,2.673,True,Business Development,11137867.299999999
929,Theresa,Female,4/27/2001,9:17 PM,75661,1.079,True,Legal,7566207.899999999
930,Nancy,Female,9/10/2001,11:57 PM,85213,2.386,True,Marketing,8521538.6
931,Harold,Male,6/23/2012,12:40 PM,140444,3.7710000000000004,False,Distribution,14044777.100000001
932,Bonnie,Female,12/23/2008,9:26 AM,90427,2.01,True,Client Services,9042901.0
933,Doris,Female,7/5/1993,5:54 PM,141439,3.799,False,Business Development,14144279.9
934,Samuel,Male,8/7/1997,12:40 PM,43694,3.787,True,Engineering,4369778.699999999
935,Alice,Female,3/23/1996,3:09 AM,131952,12.09,False,Engineering,13196409.0
936,Maria,Female,3/14/2003,5:23 PM,96250,10.056000000000001,False,Business Development,9626005.6
937,Aaron,,1/22/1986,7:39 PM,63126,18.424,False,Client Services,6314442.4
938,Mark,,9/9/2006,12:27 PM,44836,2.657,False,Client Services,4483865.7
939,Ralph,,7/28/1995,6:53 PM,70635,2.147,False,Client Services,7063714.699999999
940,Andrew,Male,9/28/1990,9:38 AM,137386,8.611,True,Distribution,13739461.1
941,William,Male,6/26/1997,8:33 AM,104840,15.652999999999999,True,Engineering,10485565.3
942,Lori,Female,11/20/2015,1:15 PM,75498,6.537000000000001,True,Marketing,7550453.699999999
943,Wayne,Male,9/8/2006,11:09 AM,67471,2.728,False,Engineering,6747372.800000001
944,Kenneth,Male,5/10/2006,8:24 AM,101914,1.905,True,Distribution,10191590.5
945,Gerald,,4/15/1989,12:44 PM,93712,17.426,True,Distribution,9372942.600000001
946,,Female,9/15/1985,1:50 AM,133472,16.941,,Distribution,13348894.1
947,,Male,7/30/2012,3:07 PM,107351,5.329,,Marketing,10735632.9
948,Ashley,Female,3/31/2006,1:24 PM,142410,11.048,True,Engineering,14242104.8
949,Scott,Male,8/20/2011,8:08 AM,37385,8.226,True,Business Development,3739322.6
950,Paula,Female,5/21/1983,11:42 AM,58423,10.833,False,Business Development,5843383.3
951,,Female,9/14/2010,5:19 AM,143638,9.662,,,14364766.200000001
952,Teresa,Female,1/22/2013,3:17 PM,113425,11.907,True,Human Resources,11343690.700000001
953,Randy,Male,2/25/2012,5:33 AM,57266,14.077,False,Product,5728007.7
954,Joe,Male,1/19/1980,4:06 PM,119667,1.148,True,Finance,11966814.8
955,Sarah,Female,8/17/2014,11:08 PM,127118,11.175999999999998,False,Legal,12712917.600000001
956,Beverly,Female,10/17/1986,12:51 AM,80838,8.115,False,Engineering,8084611.500000001
957,Jeffrey,Male,2/3/1984,1:26 PM,70990,15.901,True,Sales,7100590.1
958,Gloria,Female,10/24/1987,4:43 AM,39833,9.631,False,Engineering,3984263.1
959,Albert,Male,9/19/1992,2:35 AM,45094,5.85,True,Business Development,4509985.0
960,Stephen,Male,10/29/1989,11:34 PM,93997,18.093,True,Business Development,9401509.299999999
961,Antonio,,6/18/1989,9:37 PM,103050,3.05,False,Legal,10305305.0
962,Jonathan,Male,8/21/2013,12:45 AM,121797,16.923,False,Product,12181392.299999999
963,Ann,Female,9/23/1994,11:15 AM,89443,17.94,True,Sales,8946094.0
964,Bruce,Male,5/7/1980,8:00 PM,35802,12.390999999999998,True,Sales,3581439.1000000006
965,Catherine,Female,9/25/1989,1:31 AM,68164,18.393,False,Client Services,6818239.3
966,Louis,Male,8/16/2011,5:19 PM,93022,9.146,True,Human Resources,9303114.6
967,Thomas,Male,3/12/2016,3:10 PM,105681,19.572,False,Engineering,10570057.2
968,Louise,Female,3/27/1995,10:27 PM,43050,11.671,False,Distribution,4306167.100000001
969,Linda,Female,2/4/2010,8:49 PM,44486,17.308,True,Engineering,4450330.8
970,Alice,Female,9/3/1988,8:54 PM,63571,15.397,True,Product,6358639.699999999
971,Patrick,Male,12/30/2002,2:01 AM,75423,5.367999999999999,True,Business Development,7542836.8
972,Victor,,7/28/2006,2:49 PM,76381,11.159,True,Sales,7639215.9
973,Russell,Male,5/10/2013,11:08 PM,137359,11.105,False,Business Development,13737010.500000002
974,Harry,Male,8/30/2011,6:31 PM,67656,16.455,True,Client Services,6767245.5
975,Susan,Female,4/7/1995,10:05 PM,92436,12.467,False,Sales,9244846.700000001
976,Denise,Female,10/19/1992,5:42 AM,137954,4.195,True,Legal,13795819.5
977,Sarah,Female,12/4/1995,9:16 AM,124566,5.949,False,Product,12457194.899999999
978,Sean,Male,1/17/1983,2:23 PM,66146,11.177999999999999,False,Human Resources,6615717.8
979,Ernest,Male,7/20/2013,6:41 AM,142935,13.198,True,Product,14294819.8
980,Kimberly,Female,1/26/2013,12:57 AM,46233,8.862,True,Engineering,4624186.2
981,James,Male,1/15/1993,5:19 PM,148985,19.28,False,Legal,14900428.0
982,Rose,Female,4/6/1982,10:43 AM,91411,8.639,True,Human Resources,9141963.9
983,John,Male,12/23/1982,10:35 PM,146907,11.738,False,Engineering,14691873.8
984,Maria,Female,10/15/2011,4:53 PM,43455,13.04,False,Engineering,4346804.0
985,Stephen,,7/10/1983,8:10 PM,85668,1.909,False,Legal,8566990.9
986,Donna,Female,11/26/1982,7:04 AM,82871,17.999000000000002,False,Marketing,8288899.899999999
987,Gloria,Female,12/8/2014,5:08 AM,136709,10.331,True,Finance,13671933.100000001
988,Alice,Female,10/5/2004,9:34 AM,47638,11.209000000000001,False,Human Resources,4764920.9
989,Justin,,2/10/1991,4:58 PM,38344,3.7939999999999996,False,Legal,3834779.4000000004
990,Robin,Female,7/24/1987,1:35 PM,100765,10.982000000000001,True,Client Services,10077598.200000001
991,Rose,Female,8/25/2002,5:12 AM,134505,11.050999999999998,True,Marketing,13451605.100000001
992,Anthony,Male,10/16/2011,8:35 AM,112769,11.625,True,Finance,11278062.5
993,Tina,Female,5/15/1997,3:53 PM,56450,19.04,True,Engineering,5646904.0
994,George,Male,6/21/2013,5:47 PM,98874,4.479,True,Marketing,9887847.9
995,Henry,,11/23/2014,6:09 AM,132483,16.655,False,Distribution,13249965.5
996,Phillip,Male,1/31/1984,6:30 AM,42392,19.675,False,Finance,4241167.5
997,Russell,Male,5/20/2013,12:39 PM,96914,1.421,False,Product,9691542.1
998,Larry,Male,4/20/2013,4:45 PM,60500,11.985,False,Business Development,6051198.5
999,Albert,Male,5/15/2012,6:24 PM,129949,10.169,True,Sales,12995916.899999999
